2746 4530
772 215 820 288 tt

237 425 421 500 larentiam
456 429 646 522 composita
671 435 802 514 essent,
830 429 895 500 huc
921 431 1143 504 similitudine
1167 433 1272 528 plana
1288 431 1359 505 lio-

237 548 329 611 rent.
354 538 444 646 Nam
470 541 634 648 metricae
660 561 749 633 quae
773 541 895 613 dicitur
919 546 1040 640 poesis
1059 547 1262 641 primordia,
1280 568 1360 618 cum

236 661 376 750 praeter
402 675 511 748 pauca
537 660 571 724 ct
609 674 651 722 aa
691 652 839 726 obscura
876 661 1026 750 vestigia
1062 662 1227 753 temporis
1265 663 1360 745 serie

237 787 381 862 prorsus
407 763 587 836 obliterata
614 768 696 851 sint,
725 790 827 860 quem
860 769 903 840 ad
935 763 1070 842 modum
1104 795 1186 844 sese
1219 772 1359 845 habue-

236 883 318 967 rint,
339 902 404 974 per
429 902 468 951 se
495 879 674 951 diiudicari
701 885 832 976 nequit.
863 882 931 954 Sed
957 887 1013 972 iis,
1042 908 1130 978 quae
1156 908 1261 982 supra
1287 911 1359 960 cx-

238 995 368 1091 plicata
394 1003 485 1079 sunt,
514 998 721 1090 comparatis
748 995 931 1091 probabile
956 997 993 1070 lit
1017 1000 1173 1095 dipodius
1202 1004 1359 1074 trochai-

211 1129 295 1180 -cas
323 1115 359 1179 et
385 1105 551 1179 iambicus
578 1117 614 1179 ct
638 1113 891 1205 anapaesticus,
921 1134 1010 1206 quae
1035 1136 1103 1185 non
1137 1115 1240 1192 modo
1267 1117 1358 1213 apud

238 1224 405 1312 Graecos,
434 1224 496 1296 scd
523 1227 625 1296 etiarn
651 1226 741 1321 apud
767 1225 908 1299 Arabes
933 1231 1166 1316 inveniantur,
1186 1231 1272 1303 nibil
1288 1233 1359 1304 ali-

236 1341 281 1411 ud
309 1363 404 1426 esse,
430 1343 499 1412 nisi
516 1342 803 1414 versiculos'illos
830 1344 1006 1436 limones,
1031 1343 1157 1439 quibus
1174 1325 1358 1422 breviores

236 1477 359 1528 versus
385 1478 465 1528 esse
492 1478 563 1527 non
590 1459 748 1551 possint.v
767 1456 865 1544 Quod
890 1462 921 1531 si
946 1463 995 1531 ita
1021 1468 1088 1550 est,
1128 1463 1250 1534 eadam
1294 1486 1358 1536 ra·

237 1572 343 1658 tione,
373 1592 462 1663 quae
489 1591 605 1665 supra¹
620 1569 851 1642 demonstrata
875 1581 942 1658 est,
970 1595 1097 1646 versus
1122 1575 1259 1670 longos,
1286 1577 1357 1650 de-

237 1685 316 1756 inde
347 1684 524 1780 strophas,
558 1692 692 1780 postea,
721 1707 798 1756 cum
823 1709 992 1759 caesurae
1017 1692 1180 1761 memoria
1199 1700 1360 1787 ¹propter

237 1801 379 1872 nimiam
402 1799 667 1872 'versiculorum
701 1807 769 1869 tum
796 1798 1021 1887 brevitatem,
1062 1809 1131 1873 tum
1159 1803 1362 1884 cohaeren-

238 1917 320 1985 tiam
347 1914 524 2010 paullatim
552 1917 771 1998 evanuisset,
808 1916 988 2008 longiores
1021 1939 1148 1990 versus
1179 1941 1285 1990 unum
1311 1942 1360 1995 ox

241 2030 350 2101 altero
376 2027 485 2101 factos
510 2049 606 2113 esse,
648 2027 758 2098 donec
796 2028 837 2099 ad
882 2029 1116 2122 longissimos⁴
1147 2035 1357 2122 octonarios,

237 2146 295 2238 qui
325 2165 469 2215 caesuru
495 2165 617 2215 carere
642 2144 702 2213 vix
728 2151 885 2236 possem,
914 2152 1122 2238 perventum
1142 2152 1248 2230 esset,
1268 2145 1361 2218 haud

240 2255 391 2329 absurde
417 2258 578 2327 conicere
603 2255 695 2326 licet.
730 2254 816 2326 Sunt
840 2258 945 2353 igitur
976 2261 1142 2329 octonarii
1173 2279 1194 2328 e
1220 2260 1362 2354 stropha

237 2375 303 2442 orti
329 2371 473 2450 duorum
500 2368 735 2456 distichorum,
765 2392 872 2462 quam
899 2373 999 2441 etiam
1028 2369 1362 2443 eScandinavorum

238 2483 532 2576 Starkudharlago
556 2482 632 2554 lieri
649 2505 755 2578 posse
774 2484 937 2555 vidimus.
960 2483 1000 2555 ln
1012 2483 1123 2580 ¹‚Sloco
1141 2493 1269 2572 summ,
1297 2485 1362 2558 ln·

205 2600 357 2679 'dorum
384 2605 542 2670 veterum
567 2606 676 2671 metro
714 2601 813 2692 cpico
847 2601 988 2691 triginta
1020 2599 1161 2670 duarum
1197 2599 1362 2689 syllaba-

231 2735 328 2810 rum,
356 2734 432 2782 cum
460 2720 579 2807 upcrto
605 2734 625 2783 e
651 2709 784 2783 duobus
811 2710 976 2783 versibus
1003 2710 1144 2807 paribus
1181 2717 1361 2807 composi·

238 2834 292 2898 tus
332 2829 388 2911 sit,
417 2827 474 2919 qui
501 2827 569 2918 ipsi
600 2847 746 2897 caesura
782 2823 946 2896 immobili
979 2827 1014 2896 in
1050 2833 1167 2920 partes
1199 2833 1360 2898 octonum

235 2938 446 3040 syllabarum
479 2938 687 3024 dividantur,
716 2941 806 3011 siin
846 2939 1053 3011 dissecando
1089 2938 1233 3011 ulterius
1270 2961 1359 3033 pru·

235 3076 382 3149 gressus
413 3052 533 3140 lucris,
560 3053 702 3124 eosdem
727 3054 923 3127 versiculos
948 3054 1112 3125 dimetros
1146 3055 1183 3124 iu
1211 3051 1360 3143 Starlrar·

238 3170 397 3263 dbarlagi
422 3168 702 3260 vulgatissimam
720 3168 894 3264 stropham
914 3176 990 3240 octo
1007 3188 1186 3253 versuum,
1215 3188 1359 3262 quorum

235 3284 322 3375 hini,
347 3291 384 3354 ut
407 3281 481 3354 lere
507 3280 556 3368 fit,
585 3285 619 3353 in
653 3305 753 3354 unum
779 3281 993 3368 coaluerunt,
1022 3303 1067 3353 na
1107 3289 1180 3352 arte
1217 3279 1358 3375 quidem

236 3405 378 3470 coactos
404 3395 506 3470 facile
532 3397 740 3488 distingues.
776 3395 865 3484 Ouid
891 3397 981 3491 quod
1014 3395 1167 3468 sedecim
1199 3394 1361 3490 syllaba-

236 3535 310 3584 rum
338 3534 478 3598 versus,
507 3513 621 3583 idest
648 3510 738 3583 Sloci
766 3511 950 3596 dimidium,
981 3512 1015 3581 in
1052 3508 1229 3580 Vedornm
1261 3506 1361 3582 libris

237 3651 301 3726 per
327 3651 366 3700 se
392 3625 544 3699 constat?
570 3625 657 3698 Num
684 3625 774 3720 quod
801 3628 836 3695 in
870 3623 971 3695 Sloco
1004 3645 1067 3719 pro
1102 3626 1231 3694 ictuum
1257 3632 1361 3699 ,certo

236 3766 381 3816 numero
408 3741 617 3837 syllabarum
642 3762 807 3814 numerus
834 3739 1061 3827 observatur,
1090 3739 1172 3810 nibil
1205 3740 1358 3834 impedit,

240 3859 321 3953 quin
348 3856 392 3928 ad
417 3858 597 3927 matricum
625 3859 742 3952 poesis
767 3877 881 3948 genuus
915 3862 1158 3927 uccenseatur.
1194 3853 1361 3927 Extrema

239 3972 331 4043 enim
359 3972 525 4064 cuiusque
552 3969 641 4040 Sloci
666 3991 794 4042 versus
821 3990 920 4064 pars,
946 3991 1036 4063 quae
1061 3971 1096 4039 in
1130 3972 1221 4039 omni
1254 3989 1362 4042 versu
