2746 4530
702 270 755 344 ii

172 493 214 557 at
236 483 429 557 Gorsseam
453 487 605 578 primam
629 504 757 553 vocem
782 504 846 578 per·
882 487 896 552 a·
921 484 1045 556 vocale
1071 484 1179 578 idque
1203 506 1293 580 pro·

174 597 319 671 cacum
344 597 583 693 appellandam
621 599 833 683 existimaui,
875 619 942 692 quo
967 596 1058 670 iacto
1089 621 1158 670 non
1185 600 1292 672 medo

176 711 362 799 dioececis,
396 733 488 806 quae
512 711 576 782 hoc
607 713 643 782 in
668 720 893 783 monumento
930 712 1198 805 religiosissime
1223 714 1294 786 ob·

174 835 318 901 servate
344 835 409 914 eat,
434 825 498 898 eod
522 830 635 897 etiem
660 847 807 898 caesara
825 829 1015 898 emittitur..
1058 828 1294 902 Buechelerus

179 950 292 1013 autem
331 950 367 1012 et
384 939 612 1037 Spengeliue,
628 998 631 1004 s
650 962 733 1010 cum
771 941 956 1012 secundem
980 945 1082 1014 vocis
1106 947 1292 1034 pariam

178 1056 308 1151 corripi
345 1077 454 1151 posse
492 1054 713 1139 arbitrentur,
752 1058 867 1150 prima
905 1060 977 1127 arsi
1015 1057 1126 1127 sciata
1165 1064 1200 1128 et
1240 1081 1297 1131 mo

174 1168 313 1262 syllaba
337 1171 498 1263 legitime
522 1170 686 1265 prodacta
712 1169 840 1241 thesim
865 1174 1036 1243 omittunt.
1065 1174 1205 1244 Scilicet
1230 1173 1296 1246 iroc

177 1292 323 1377 uterque
348 1283 475 1357 obiitus
499 1294 568 1370 eet,
596 1284 813 1368 cimiterium,
840 1285 1058 1375 faciterium,
1087 1296 1203 1359 cetera
1229 1289 1296 1361 hoc

176 1420 293 1492 ,genus
318 1403 332 1468 i
357 1399 505 1485 literam,
533 1421 624 1493 quae
656 1403 763 1471 etiam
788 1404 823 1471 in
850 1405 1000 1491 positivo
1035 1401 1146 1494 gradu
1184 1412 1292 1489 esset,

181 1516 357 1608 corripere
395 1536 515 1608 posse,
553 1519 771 1607 camenctum
809 1537 878 1586 non
918 1519 1022 1600 item,
1060 1520 1226 1610 quoniam
1263 1520 1297 1587 ie

182 1627 314 1724 eyssaba
339 1651 361 1700 e
386 1631 619 1724 comparativi
652 1628 778 1701 eiriiixc
810 1633 866 1699 tao
904 1637 1078 1702 contracta
1117 1642 1183 1702 est:
1226 1636 1297 1703 ita-

181 1746 311 1838 quein
337 1744 414 1816 aliis
439 1767 545 1817 uuum
570 1742 736 1817 suffixam
763 1748 895 1829 inesse,
924 1746 1014 1839 quod
1041 1755 1095 1817 est
1133 1746 1297 1842 superle-

182 1859 243 1928 tivi
267 1863 393 1943 tumor,
422 1861 460 1929 ia
484 1858 562 1930 aliis
589 1859 668 1949 duo,
694 1863 811 1931 etiae
843 1868 878 1931 et
901 1865 1027 1930 terroe.
1057 1858 1161 1931 Piera
1186 1883 1296 1957 repe·

179 1974 254 2050 riee
280 1975 316 2044 ia
352 1970 519 2044 Gomeeni
556 1972 657 2058 libro,
697 1977 754 2068 qui
792 1977 972 2069 inscriptus
1010 1982 1065 2047 eet
1106 1974 1296 2049 ‹rKritieche

181 2075 413 2178 Nachtritge»,
442 2108 475 2182 p.
497 2087 556 2160 94.
578 2089 671 2174 Quae
697 2111 778 2159 cum
804 2092 849 2159 ita
872 2093 953 2174 siat,
981 2088 1063 2161 nihil
1088 2094 1211 2176 restat,
1228 2091 1295 2161 aiei

186 2207 223 2270 ut
246 2202 296 2271 sic
321 2200 496 2294 legamus:

306 2346 436 2436 Quoius
462 2347 576 2422 forma
600 2352 738 2424 virtutei
838 2353 1153 2451 parrsumavfuit.

185 2498 246 2571 Oui
274 2499 468 2572 simillimus
500 2508 554 2572 est
578 2523 717 2589 versus,
746 2505 803 2596 qui
829 2510 883 2574 est
914 2505 948 2573 in
974 2504 1088 2597 elogio
1114 2503 1152 2575 Ρ.
1182 2504 1303 2601 Scipi·

186 2617 261 2687 cuis
287 2616 323 2687 P.
353 2614 394 2686 i.:

261 2764 394 2852 Quibus
420 2768 528 2839 setin
556 2767 658 2860 ionga
684 2766 821 2839 iicuiset
917 2766 986 2839 tibe
1013 2767 1234 2862 utiervvita.

187 2915 278 2989 Nem
305 2920 333 2990 ei
360 2917 575 2990 cerasorum
613 2939 812 3013 sequamur,
852 2921 907 3012 qui
946 2922 1069 3012 quibos
1107 2921 1182 2989 siue
1210 2940 1301 3014 ape·

189 3032 327 3128 stropho
352 3034 450 3125 legit,
475 3037 572 3104 atter
597 3055 675 3104 cum
701 3036 864 3122 syniuesi,
893 3055 1040 3104 caesura
1081 3032 1219 3127 peribit,
1247 3034 1301 3104 sin

188 3149 425 3243 Spengelium,
451 3150 508 3242 qui
534 3156 612 3243 post
635 3168 762 3219 vocem
788 3146 859 3218 oce
885 3147 981 3238 biart,
1006 3156 1042 3219 ut
1072 3150 1193 3218 ultima
1222 3155 1302 3220 aute

189 3263 348 3335 vocalem
373 3265 587 3357 corripiatur,
616 3267 711 3333 otior
737 3283 819 3333 cum
834 3264 987 3350 synicesi
1012 3263 1078 3332 dici
1103 3261 1210 3348 iubet,
1239 3282 1303 3357 ey·

189 3381 318 3452 nizesis
347 3399 431 3450 sane
458 3377 638 3449 molestam
676 3399 787 3471 geraus
826 3380 971 3448 exsistet
1007 3386 1042 3447 et
1079 3377 1185 3448 thesis
1224 3386 1306 3473 poet

192 3492 379 3588 spondeum
407 3493 576 3565 excidisse
603 3492 783 3564 videbitur.
818 3491 939 3586 Neque
977 3493 1075 3563 aliter
1106 3514 1146 3563 se
1170 3491 1303 3565 habere

191 3608 328 3680 videtur
354 3605 406 3676 hic
431 3605 516 3678 Livii
541 3628 680 3678 versus:

348 3754 526 3849 Argenteo
553 3756 697 3853 polubro
797 3765 832 3826 et
857 3777 963 3827 aureo
990 3755 1116 3849 giutro.

190 3904 280 3979 Nam
319 3912 356 3977 et
392 3907 608 4002 particulam,
647 3929 728 3978 cum
752 3906 796 3976 ad
835 3908 1008 4001 posterius
1039 3903 1301 3975 hemistichium

191 4018 376 4096 referenda
391 4025 446 4106 sit,
474 4023 508 4091 ia
533 4026 629 4115 prius
654 4017 842 4092 transferre
861 4020 1064 4112 religiosum
1084 4026 1138 4091 est
1163 4025 1306 4113 propter
