2746 4530
707 271 754 344 84

175 489 342 559 rationem
368 485 576 580 producitur,
604 482 725 566 thesis,
753 503 842 575 quae
868 479 1102 576 subsequitur,
1130 487 1205 556 sine
1223 485 1283 557 oi-

175 600 334 674 leusionc
359 601 532 670 omittitur.
563 595 670 690 Atqui
696 600 732 668 in
754 595 884 667 Horatii
908 597 979 668 Sat.
995 596 1023 683 l,
1042 602 1077 683 3,
1094 599 1113 669 ‘l
1131 602 1166 670 io
1181 600 1285 670 Bac-

174 716 244 787 cac
266 717 355 799 sive,
385 713 474 809 quod
498 715 532 783 in
558 713 672 784 multis
699 709 797 783 libris
824 717 1079 806 scriptumest,
1114 713 1284 786 Bacchae

176 832 262 905 nihil
287 832 376 902 alind
402 852 483 902 csse
508 837 620 924 potest
653 831 721 900 nisi
751 829 931 899 vocativus
961 827 1089 899 Bacchi
1120 833 1281 902 nominis.

178 947 233 1018 Ac
258 950 378 1019 nescio
406 969 449 1016 an
474 967 543 1017 non
568 953 696 1018 lemare
735 945 897 1038 scripturn
935 945 978 1014 sit
1016 943 1184 1014 Bacchae
1222 968 1286 1041 pro

176 1060 312 1133 Baccha
339 1070 375 1133 ct
399 1064 435 1132 in
462 1082 531 1131 non
559 1059 661 1131 nullis
697 1059 864 1130 Prisciani
895 1056 1071 1130 codicibus
1104 1059 1289 1149 Laertioe,

176 1176 288 1268 filiae,
313 1175 444 1247 scilicet
468 1182 513 1249 ut.
530 1175 660 1245 vocalis
687 1171 863 1265 longitudo
883 1170 1147 1264 significaretur.
1167 1171 1289 1268 Neque

177 1289 267 1386 apud
293 1287 445 1360 Graecos
471 1288 595 1359 desunt
619 1310 760 1373 versus,
781 1289 894 1381 qualis
913 1294 965 1357 est
981 1285 1021 1356 ll.
1042 1285 1138 1372 XlX,
1160 1289 1243 1360 400:

262 1434 374 1509 Ξάνθε
389 1462 426 1508 τε
452 1439 504 1507 καὶ
528 1435 642 1534 Βαλίε,
667 1436 850 1533 τηλέκλυτα
874 1437 971 1507 τέκνα
997 1433 1181 1534 Ποδάργης.

176 1586 216 1659 ln
240 1586 402 1659 Indorum
430 1597 540 1659 autem
567 1590 704 1681 antiqua
731 1588 846 1676 lingua
873 1610 942 1660 non
970 1589 1063 1659 modo
1089 1593 1103 1658 i
1128 1599 1162 1660 et
1178 1613 1201 1659 c
1219 1612 1288 1661 cx·

177 1716 287 1780 trema
313 1711 348 1779 in
373 1707 521 1778 vocandi
547 1729 631 1778 casu
658 1710 693 1777 in
712 1706 943 1801 diphthongos
963 1712 1146 1792 mutantur,
1166 1727 1289 1778 vcrum

178 1825 281 1894 etiam
306 1845 330 1892 a
355 1820 477 1906 breve,
506 1845 526 1892 a
553 1844 619 1915 quo
646 1821 728 1892 illud
766 1845 786 1891 c
819 1823 958 1892 latinum
998 1828 1105 1891 ortum
1145 1829 1211 1906 cst,
1250 1824 1287 1892 in

177 1939 369 2008 trimatram
394 1937 454 2007 vel
478 1938 637 2032 τρίσημον
665 1936 834 2007 interdum
860 1935 1069 2030 producitur.
1106 1934 1171 2021 Qui
1202 1957 1287 2006 usus

178 2051 346 2144 quomodo
385 2047 543 2120 definitus
582 2052 637 2135 sit,
668 2049 746 2120 vide
773 2051 806 2119 in
845 2046 967 2144 Boppii
1002 2047 1104 2134 libro,
1145 2053 1200 2143 qui
1228 2053 1287 2119 in-

179 2169 324 2259 scriptus
351 2171 404 2235 est
433 2161 623 2235 «Kritischc
651 2161 861 2234 Grammatik
883 2165 945 2234 der
979 2163 1287 2258 Sanskritspraclrc

178 2282 213 2349 in
247 2279 418 2348 kiirucrcr
443 2279 640 2372 Fassuug»,
670 2281 693 2364 §
716 2279 760 2349 15
786 2277 841 2370 b).
874 2277 970 2364 Quae
996 2301 1072 2349 cum
1098 2283 1143 2350 ita
1168 2283 1288 2363 since

179 2394 325 2480 literam,
351 2416 418 2487 qua
452 2397 631 2467 vocativus
665 2399 876 2481 terminetur,
919 2397 1086 2493 siquando
1124 2397 1288 2491 producta

180 2511 237 2593 sit,
265 2530 336 2578 non
360 2511 443 2594 ictu,
472 2509 533 2580 sed
558 2517 595 2579 ut
620 2513 726 2581 etiam
759 2533 836 2596 nos,
878 2533 1069 2604 quanquam
1107 2512 1288 2604 longarum

182 2630 217 2693 et
240 2620 400 2694 bravium
428 2624 650 2695 dillcrcntiam
678 2648 818 2718 prorsus
844 2628 1075 2710 amiserimus,
1105 2628 1235 2720 siquem
1270 2649 1290 2698 c

182 2738 370 2832 longinquo
396 2738 630 2833 adloquamur,
659 2743 694 2810 in
726 2741 841 2811 ultima
880 2763 951 2812 non
990 2742 1089 2812 modo
1126 2743 1289 2826 vocativi,

182 2852 243 2926 scd
270 2851 453 2924 cniuslIbet
478 2857 575 2925 vocis
602 2852 738 2944 syllaba
763 2855 823 2926 vel
848 2864 947 2926 extra
977 2861 1153 2925 accentum
1180 2857 1291 2950 posita

181 2969 308 3040 diutius
334 2989 518 3051 moremur,
547 2971 595 3038 ita
622 2969 817 3064 productam
844 2993 924 3040 csse
951 2973 1123 3040 existimo.

229 3082 409 3154 Vocalium
449 3086 483 3152 iu
512 3083 648 3178 'mediis
687 3083 830 3156 vocibus
869 3088 1005 3178 antiqua
1044 3085 1291 3157 consuetudine

180 3199 423 3294 productorum
449 3197 597 3269 vidimus
623 3200 784 3293 exempla
811 3199 887 3286 duo,
913 3205 967 3269 air
1005 3208 1040 3271 et
1075 3199 1188 3271 bomo.
1229 3200 1293 3273 nst

181 3320 295 3383 autem
320 3319 499 3405 praeterea
525 3315 559 3382 in
585 3334 693 3384 versu
719 3315 879 3385 Saturnio
911 3315 1130 3407 longitudinis
1161 3337 1287 3408 genua,

181 3424 271 3521 quod
296 3447 420 3497 arrreae
440 3448 527 3521 qnae
546 3428 666 3498 dicitur
684 3431 804 3499 aetatis
820 3432 930 3525 poetis
945 3452 1146 3502 concessum
1162 3433 1290 3503 existi-

181 3547 306 3626 matur,
335 3543 576 3635 antiquissimis
601 3543 802 3637 plerumque
833 3567 904 3616 non
935 3548 1029 3617 item.
1064 3547 1147 3618 Dico
1178 3555 1289 3621 mutas

181 3677 256 3727 cun
283 3655 417 3749 liquidis
443 3640 653 3744 coniunctas,
682 3681 822 3752 quarum
856 3662 924 3730 vim
965 3663 999 3731 in
1036 3660 1088 3732 his
1129 3660 1290 3735 versibus

183 3791 350 3862 agnosco,
378 3770 480 3843 altero
505 3769 639 3860 Naevii,
666 3771 773 3845 altero
799 3773 896 3846 bivii:

230 3917 372 3993 Flentes
398 3919 534 4008 ambae,
552 3920 718 3994 abeuntes
825 3924 985 3995 lacrumis
1012 3948 1091 3996 curu
1118 3923 1243 3995 multis.

233 4013 423 4112 ‘iclsosque
449 4023 538 4090 ocris
566 4033 717 4113 arvaque
825 4025 939 4116 putria
958 4031 1099 4093 almare
1113 4041 1290 4114 magnum.
