2746 4530
717 279 763 352 68

193 530 199 541 ·
279 495 352 568 Hec
375 497 467 588 cepit
489 491 630 563 (lorsica
778 489 965 582 Aleriaque
993 488 1093 560 urbe.

184 664 189 671 .
277 594 406 686 Magna
430 592 599 686 sapientia
776 587 970 681 multasque
995 588 1153 657 virtutes.

182 746 222 819 ln
250 744 407 817 Mummii
432 741 561 814 tabula:

279 897 417 970 Corintc
444 893 556 966 delete
710 888 864 960 Romam
891 887 1015 959 redieit
1036 850 1265 984 *triumphans

184 1049 288 1145 Apud
312 1047 461 1132 bivium,
488 1052 526 1116 ut
549 1064 640 1115 nunc
664 1040 739 1113 fere
767 1041 905 1133 legitur:

202 1236 209 1247 ·
276 1198 399 1270 Carnis
425 1199 625 1288 vinumque,
658 1193 748 1286 quod
775 1191 915 1275 libabat,
939 1190 1152 1262 anclabatur.

178 1350 282 1447 Apud
308 1347 496 1420 Naevium:

276 1499 335 1570 Sin
361 1498 438 1569 illcs
464 1496 627 1567 deserant
772 1492 989 1565 fortissumcs
1016 1497 1124 1564 vircs.

178 1646 217 1719 ln
244 1648 320 1718 eius
343 1645 473 1737 elcgic:

276 1814 378 1885 Obliti
404 1819 482 1884 sunt
508 1811 643 1884 Romae
766 1812 901 1906 lnquier
927 1812 1047 1904 lingua
1072 1810 1189 1882 latina.

177 1983 309 2055 Eodem
348 1980 447 2051 mcdn
485 1985 520 2051 in
558 1980 866 2072 Franccgallcrum
903 2002 1009 2051 versu
1051 1979 1189 2074 duplici,
1231 1981 1289 2073 qui

176 2095 435 2168 Alexandrinus
462 2094 595 2182 dicitur,
620 2116 777 2181 caesura,
806 2118 882 2166 cum
920 2103 998 2189 post
1022 2099 1156 2166 tertiam
1183 2096 1288 2165 arsim

177 2231 258 2282 esse
285 2210 406 2295 soleat,
448 2209 672 2280 aveteribus
710 2213 824 2304 poetis
850 2217 927 2305 pcst
964 2218 1123 2303 quartam
1160 2209 1287 2280 thesim

177 2326 367 2397 identidem
392 2330 541 2421 ponitur,
569 2333 606 2397 ut
630 2330 665 2396 in
691 2326 755 2396 hcc
780 2325 944 2397 Iohannis
969 2325 1136 2418 llleungii:

225 2495 345 2582 Quand
372 2497 516 2566 l'entree
541 2505 594 2568 est
618 2501 796 2568 mauvaisd
922 2496 966 2567 du
992 2495 1073 2567 bien
1099 2499 1248 2591 spirital.
1368 2564 1371 2569 .

175 2661 251 2748 Que
278 2661 320 2731 de
347 2684 385 2732 re
412 2664 553 2734 consule
592 2663 803 2750 Quicheratii
841 2663 983 2749 librum,
1025 2668 1121 2735 cuius
1160 2666 1288 2736 mentio

177 2800 283 2872 supra
310 2775 399 2847 lacta
425 2786 491 2864 est,
520 2801 553 2872 p.
586 2779 654 2850 322
681 2802 757 2873 sqq.
787 2779 883 2851 Utin
907 2801 1014 2851 versu
1033 2777 1284 2866 Alexandrino,

175 2895 220 2963 ita
247 2895 283 2961 in
310 2890 468 2963 Saturnio
495 2893 659 2964 eiusmodi
690 2917 851 2980 caesura,
892 2918 973 2964 cum
1012 2903 1150 2990 praeter
1187 2897 1287 2965 metri

174 3013 333 3080 naturam
359 3008 457 3078 alteri
485 3012 551 3078 utri
585 3008 802 3082 hemistichia
828 3010 956 3081 thesim
980 3010 1039 3080 vel
1065 3009 1196 3078 adimat
1227 3009 1287 3081 vel

175 3122 311 3208 adiciat,
342 3145 468 3194 versus
495 3122 639 3219 duplicis
665 3129 829 3195 memoria
868 3124 995 3196 tcllitur
1021 3131 1077 3194 aut
1112 3121 1285 3195 obscura-

173 3243 240 3305 tur.
269 3234 403 3327 ltaque,
431 3238 595 3328 quoniam
620 3259 746 3307 versus
772 3236 900 3331 duplex
924 3238 969 3306 ita
995 3234 1128 3305 divisus
1154 3242 1220 3320 est,
1250 3243 1286 3304 ut

174 3353 279 3444 pricri
305 3348 524 3420 hemistichia
551 3359 608 3420 aut
639 3354 814 3446 proprium
852 3350 976 3422 deesse
1010 3353 1152 3434 sentiaS,
1194 3346 1285 3442 quod

174 3463 354 3534 exaltem
393 3464 519 3535 addere
556 3466 658 3552 velis,
700 3475 757 3537 aut
789 3469 936 3535 alienum
965 3464 1162 3534 adiunctum
1188 3485 1282 3549 esse,

175 3578 357 3672 quodque
391 3584 561 3674 pertineat
587 3581 733 3652 reddere
769 3602 949 3676 propereS,
988 3583 1075 3650 inter
1099 3586 1285 3673 utrumque

173 3691 423 3764 hemistichium
461 3695 519 3765 vel
549 3694 782 3788 fragmentum
809 3703 876 3765 tam
905 3694 975 3780 diu,
1005 3716 1104 3788 quam
1134 3697 1168 3764 in
1195 3716 1284 3764 cae-

174 3831 254 3879 sura
280 3809 431 3900 legitima
457 3808 597 3882 subsisti
622 3819 717 3882 vetat
741 3814 827 3881 ratic
866 3819 900 3880 ct
937 3812 1123 3903 elegantia.
1166 3808 1281 3895 Quam

172 3921 216 3993 cb
232 3921 408 3993 rembaec
431 3945 500 3994 non
526 3947 684 4011 caesura,
713 3926 775 3997 sed
800 3929 912 4020 potius
930 3925 1099 3996 diaeresis
1124 3925 1282 3999 habenda

171 4043 238 4107 est.
268 4037 379 4129 Atque
406 4036 469 4108 hcc
495 4039 667 4111 dividendi
692 4063 804 4134 genus
830 4042 864 4110 in
890 4041 1037 4112 licentiis
1062 4050 1279 4116 numeratum
