2746 4530
659 290 705 369 ἰ’-3

125 506 230 597 poda,
247 508 384 581 loruca
410 532 477 583 scr.
495 508 633 597 dodra-c,
650 532 776 603 premo
791 531 855 605 pro
876 513 1075 601 proc-imo,
1101 506 1199 598 sarua
1217 533 1237 582 a

70 624 80 633 '
125 616 300 717 primitivo
317 625 433 697 dodra
453 629 530 696 sive
547 624 700 716 dbodro,
727 624 815 720 quod
841 624 934 717 fingo
960 647 981 696 ε
1004 646 1056 716 gr.
1076 621 1144 721 θήρ
1159 629 1236 697 sive

125 737 208 833 pbp,
235 760 348 831 germ.
375 748 459 812 veb-
488 739 595 826 dirior,
627 740 819 812 recentiore
854 738 973 825 Thiar,
1002 741 1095 833 angl.
1134 740 1234 828 deor,

128 850 211 923 slav.
241 875 363 946 scopo:
390 876 470 926 narn
496 854 586 949 quod
613 854 826 926 simillimum
851 863 904 924 εει
920 877 975 946 gr.
1002 852 1102 951 θύρα,
1121 878 1232 949 germ.

130 963 234 1051 Thur,
261 969 356 1061 angl.
384 969 487 1058 door,
507 970 596 1041 slav.
626 970 741 1059 docpe,
766 970 824 1039 lat.
853 969 968 1057 soror,
1008 971 1121 1041 indica
1159 975 1237 1043 eius

128 1081 239 1154 forma
266 1091 321 1155 εει
345 1084 447 1155 dour.
482 1083 587 1179 idque
619 1087 737 1156 inesse
763 1084 899 1156 videtur
923 1088 958 1155 in
996 1084 1060 1156 boc
1094 1084 1236 1157 fratrum

128 1196 316 1269 Arvalium
335 1221 457 1272 versu:

177 1347 279 1419 Satur
303 1345 352 1435 fu,
380 1346 452 1419 iare
477 1347 586 1431 Mars,
675 1349 782 1420 limen
809 1349 888 1435 sali,
918 1358 968 1420 sia
994 1349 1134 1422 bonbar.

133 1505 269 1577 diurnae
294 1513 426 1591 autem,
454 1508 551 1577 cuius
568 1507 666 1600 prior
682 1504 757 1576 fere
781 1507 976 1601 corripitur,
1003 1504 1125 1577 eadem
1151 1528 1238 1600 pro-

134 1620 228 1692 ducta
256 1623 434 1694 invenitur
459 1619 548 1716 apud
583 1618 776 1690 Lucretium
813 1619 840 1706 1,
876 1620 956 1692 360.
1000 1619 1069 1692 Sed
1107 1624 1141 1692 in
1178 1642 1234 1707 eo,

132 1736 216 1831 quod
243 1744 297 1808 εει
313 1735 415 1806 diruo
427 1757 618 1821 venenum,
640 1743 755 1804 utrum
774 1737 961 1827 antiquitus
988 1757 1030 1805 an
1049 1733 1236 1830 'postquam

130 1855 221 1923 cirus
259 1851 360 1923 bomo
392 1855 569 1944 antiquam
596 1851 843 1942 longitudinem
869 1853 1059 1936 amisisset,
1088 1851 1233 1935 vocalis,

131 1988 215 2060 quae
242 1969 276 2037 in
305 1989 374 2037 scr.
401 1967 502 2037 or‘r'oa
527 1969 653 2062 corripi
681 1965 822 2050 soleret,
851 1965 992 2060 produci
1025 1974 1147 2061 coepta
1174 1969 1231 2053 sii,

131 2101 212 2153 sane
237 2079 380 2173 dignum
407 2079 556 2169 videon,
582 2080 672 2173 quod
698 2082 900 2174 inquiratur.
943 2079 1040 2167 Quod
1065 2103 1142 2160 cum
1168 2104 1237 2154 non

131 2192 229 2266 buius
255 2198 299 2266 sit
323 2194 402 2283 loci,
426 2198 495 2265 iam
521 2193 564 2264 ad
589 2195 808 2288 propositum
825 2194 1020 2266 redeamus.
1042 2193 1145 2266 Illum
1163 2198 1236 2289 igi-

129 2317 180 2381 rur
206 2330 350 2381 versum
377 2313 427 2380 sic
453 2309 652 2380 scandimus
679 2306 814 2378 duabus
839 2307 994 2381 thesibus
1020 2314 1234 2406 suppressis:

235 2462 400 2533 Duonoro
425 2468 568 2556 optumo
739 2456 1022 2555 Wiuisowvnro.

133 2592 229 2681 onon
257 2598 287 2665 si
313 2597 359 2664 ita
385 2598 452 2682 εει,
479 2591 564 2662 nibil
591 2599 645 2662 εει
669 2590 759 2683 quod
774 2590 975 2663 emendetur
999 2595 1034 2662 in
1060 2592 1112 2663 bis
1138 2590 1237 2664 Nae-

129 2715 185 2779 vlit

237 2820 335 2893 Multi
362 2821 419 2891 alii
446 2842 466 2892 e
492 2819 595 2890 Troia
743 2820 1010 2911 sirenuivvnri.

237 2917 297 2989 Sin
325 2919 400 2990 iilos
427 2919 590 2990 deserant
744 2917 1129 3013 fortissumosvvnros,

132 3092 273 3165 quornm
301 3073 336 3140 in
362 3072 477 3167 priore
504 3068 593 3162 qnod
618 3067 673 3139 bis
699 3067 860 3139 hiandum
886 3077 952 3156 esi,
979 3092 1081 3142 nemo
1107 3070 1237 3142 baere-

131 3180 189 3255 bit.
219 3184 259 3256 ln
285 3184 349 3257 boc
375 3192 487 3257 autem
514 3185 630 3277 elogio
654 3188 669 3253 i
694 3184 896 3279 productum
922 3168 1140 3281 simpliciter,
1168 3207 1236 3257 noo

131 3319 190 3395 per
215 3303 252 3370 ei
275 3299 378 3372 scribi
405 3308 592 3396 apparete
618 3321 740 3388 versu,
766 3302 822 3393 qui
848 3299 937 3371 bunc
963 3304 1128 3394 sequitur:

234 3447 381 3522 anlom
408 3449 576 3545 Scipione
674 3447 773 3521 iiiios
799 3448 959 3522 Barbati.

131 3594 265 3670 Medius
289 3608 403 3670 autern
428 3600 487 3672 ilie
524 3621 643 3687 sonus,
672 3603 729 3693 qni
768 3609 821 3672 εει
845 3603 934 3672 inter
958 3603 972 3669 i
996 3606 1031 3670 ει
1054 3620 1089 3684 ε,
1116 3596 1191 3669 sola
1216 3618 1237 3669 c

132 3709 227 3784 biera
252 3735 441 3809 expressus
465 3721 530 3786 εει.
560 3714 669 3800 Quem
694 3738 777 3786 cnm
802 3718 837 3785 in
862 3712 1014 3809 perfecto
1043 3734 1125 3785 esse
1148 3734 1238 3784 eon·

134 3834 208 3916 ειει,
236 3829 326 3922 qnod
352 3852 466 3921 genus
491 3833 631 3901 suntin
656 3828 719 3902 boc
747 3837 971 3901 monumento
994 3829 1073 3918 fuet
1096 3836 1133 3900 ει
1159 3827 1238 3900 dc-

136 3942 205 4031 der,
232 3946 269 4015 in
296 3953 437 4017 senatus
462 3945 618 4016 consulto
644 3945 686 4017 de
701 3941 975 4015 Bacchanalibus
990 3941 1079 4015 facio
1095 3943 1235 4028 adicem

136 4062 298 4152 munitur,
325 4068 363 4130 nt
386 4064 420 4131 in
446 4081 504 4148 eo,
531 4058 622 4153 quod
647 4060 832 4149 estferiae,
870 4056 957 4129 baec
988 4056 1130 4154 perfecti
1153 4066 1234 4130 noia
