2746 4530
661 265 706 338 63

132 480 250 550 ma'et
290 475 440 548 secunda
464 476 607 547 ultimae
644 480 740 548 vocis
777 476 908 571 syilah'a
934 481 1020 552 ictus
1057 486 1234 580 recipiant.

132 591 233 679 onor
259 614 371 686 genus
397 598 449 661 est
474 593 606 685 primus
631 591 859 686 inscriptionis
886 591 1040 667 Soranae
1065 619 1204 669 versus:

238 757 335 844 Quod
361 780 399 827 re
426 779 489 827 sua
514 754 680 828 diieidens
778 778 902 850 aspere
928 754 1075 830 afleicta.

131 907 177 979 Et
200 909 234 976 iu
260 905 405 997 Vergilii
431 903 615 999 Eurysacis
643 904 768 996 elogio:

179 1055 252 1127 Hoc
279 1066 332 1128 est
357 1031 597 1127 monimentum
622 1054 750 1126 Marcei
799 1053 954 1149 Vergilei
979 1056 1180 1149 Eurysacis.

130 1206 178 1279 Et
205 1207 293 1302 apud
319 1204 507 1277 Naevium:

181 1339 386 1432 Bicorpores
414 1336 579 1430 Gigantes
760 1342 942 1433 magnique
966 1339 1139 1414 Atlantes.

180 1435 320 1507 Inerant
345 1444 446 1529 signa
473 1458 642 1530 expressa
758 1439 930 1531 quomodo
955 1437 1078 1510 Titani.

128 1587 190 1659 Sin
218 1597 334 1659 autem
360 1589 469 1658 hiatus
493 1609 526 1656 m
555 1585 654 1657 litera
691 1588 826 1674 lenitur,
862 1592 967 1658 etiam
1005 1588 1178 1682 productio
1202 1590 1236 1659 in
1369 1590 1372 1599 ’

128 1706 199 1775 arsi
217 1725 383 1775 concessa
409 1710 475 1782 est,
503 1710 541 1771 ut
557 1705 591 1771 in
617 1701 669 1774 his
695 1699 857 1772 Liuianis:
888 1690 893 1698 ⁰

205 1851 325 1924 Utrum
351 1864 465 1942 genua
492 1849 700 1944 amplectens
807 1851 978 1942 virginem
1004 1860 1131 1922 oraret.

204 1947 276 2019 Aut
300 1952 333 2019 in
360 1947 483 2042 Pylum
511 1948 700 2018 adveniens
808 1955 865 2017 aut
890 1945 943 2018 ih1
968 1958 1199 2037 ommentans,

129 2103 164 2171 in
192 2121 259 2194 quo
285 2101 377 2194 prius
402 2103 465 2168 out
483 2097 524 2169 ah
543 2096 728 2170 editoribus
747 2097 893 2168 additum
912 2105 1026 2168 estex
1052 2096 1237 2188 Odysseae

126 2213 185 2321 II,J
220 2215 301 2286 317:
329 2213 372 2310 ἠὲ
397 2209 537 2284 Πύλονδ’
571 2210 680 2282 ἐλθὼν
705 2211 728 2308 ἢ
755 2209 853 2281 αὐτοῦ
878 2217 932 2307 aqi
936 2211 963 2282 δ’
988 2211 1036 2282 ἐνὶ
1061 2212 1168 2310 δήμῳ,
1195 2239 1240 2288 ne

129 2331 308 2400 anacrusis
334 2328 597 2399 desideraretur.
623 2324 707 2398 Item
735 2329 769 2396 in
795 2326 859 2398 hoc
885 2324 1076 2399 Naeviano:

228 2477 365 2548 Patrem
390 2500 488 2549 suum
516 2498 710 2571 supremum
760 2484 937 2571 optumum
963 2478 1127 2573 appellat.

130 2629 218 2701 Sunt
243 2650 346 2722 porro
372 2649 512 2712 versus,
542 2650 690 2722 qrrorum
716 2630 743 2700 si
769 2627 908 2698 ultimae
931 2632 1009 2703 voci
1027 2628 1125 2700 binos
1150 2630 1236 2699 ictus

130 2746 293 2840 deinceps
319 2744 492 2831 tribueris,
520 2744 676 2838 dactylus
700 2767 763 2840 pro
788 2743 949 2816 trochaeo
973 2745 1124 2837 legitimo
1156 2747 1234 2817 erit.

129 2860 215 2930 Dico
243 2866 353 2928 autem
381 2857 456 2930 hos:

238 3031 356 3101 Virum
383 3028 473 3115 mihi,
500 3027 649 3099 Camena
803 3030 920 3098 insece
945 3035 1130 3098 versutum.

240 3129 363 3198 Sancta
388 3147 473 3219 puer
500 3124 635 3195 Saturni
806 3125 874 3195 iiiia
900 3127 1032 3217 regina.

237 3224 372 3296 Deinde
399 3223 531 3316 poliens
558 3225 689 3314 sagittis
808 3221 942 3292 inclitus
969 3228 1185 3290 arcuteuens.

239 3326 369 3415 Scapos
396 3328 495 3412 atque
519 3319 694 3391 verbenas
807 3320 962 3407 sagmina
989 3323 1220 3409 sumpserunt.

238 3419 343 3491 Sacra
368 3420 402 3487 in
429 3438 548 3487 mensa
575 3416 754 3488 Penatium
803 3416 922 3486 ordine
949 3421 1131 3508 ponuntur.

130 3568 194 3655 Qui
221 3568 394 3663 quomodo
432 3569 500 3638 sint
536 3567 688 3660 legendi,
728 3566 980 3662 supradictum
1020 3571 1084 3635 est.
1118 3562 1237 3656 ltaque

129 3682 273 3755 thesium
300 3682 557 3753 emittendorum
585 3683 684 3774 leges
710 3681 881 3753 suuthae:
909 3703 953 3751 na
979 3682 1066 3749 intra
1091 3675 1236 3749 verbum

131 3799 308 3879 eiciantur,
336 3818 381 3865 ne
407 3797 441 3865 in
469 3795 613 3888 siugulis
638 3794 858 3867 hemistichiis
874 3795 990 3890 piures
1028 3814 1133 3886 quam
1159 3793 1237 3862 sirr-

130 3910 245 4003 gnlae‚
273 3933 318 3981 ne
344 3932 432 4003 quae
456 3918 593 4004 praeter
618 3911 765 3996 medias,
784 3932 828 3981 ne
853 3916 929 4005 post
953 3907 1081 3979 thesim
1105 3904 1237 4000 produ-

133 4032 235 4112 ctam,
262 4024 424 4118 denique,
455 4024 486 4095 id
513 4025 661 4118 quadiu
693 4024 857 4098 omnibus
883 4022 1060 4116 exemplis
1081 4018 1240 4092 animad-
