2746 4530
655 311 701 384 48

196 519 310 592 Semol
336 531 368 592 te
395 531 492 592 orant
518 545 556 593 se
583 526 654 592 voti
778 521 899 593 crebro
926 521 1164 608 condemnes,

123 695 194 774 out,
215 692 244 760 si
258 689 461 760 Mommseni
480 698 513 760 et
530 688 705 783 Spengelii
730 692 866 759 scansio
886 692 996 782 magis
1020 688 1147 789 piacet,
1177 691 1236 758 ita:

197 854 314 928 Semel
339 866 372 927 te
398 867 497 928 orant
522 880 561 928 se
586 862 656 928 voti
781 857 902 928 crebro
935 858 1161 929 condemnes.

172 1038 263 1110 lctus
303 1043 392 1110 enirn
426 1050 604 1134 utramque
637 1040 821 1136 productae
850 1062 981 1110 moram
1009 1043 1238 1135 amplectitur,

486 1212 587 1224 ,ιι-
700 1212 822 1222 -ι-

123 1269 161 1330 ut
176 1261 362 1355 legendum
385 1267 427 1332 sit
451 1232 591 1346 crebro,
620 1232 830 1332 condemnes
858 1265 936 1332 sine
954 1259 1024 1330 ullo
1043 1260 1240 1347 intervallo,

126 1377 215 1470 quod
234 1382 268 1447 in
289 1374 539 1448 Germanorum
568 1399 729 1447 sermone
751 1379 885 1447 interici
912 1375 1239 1447 demonstravimus.

175 1491 234 1562 Sin
273 1502 386 1563 autern
420 1515 558 1563 causarn
592 1495 801 1584 quaerimus,
844 1514 904 1561 cur
931 1493 964 1559 iu
992 1488 1243 1561 Germanorum

127 1606 271 1678 vocibus
299 1606 351 1678 bis
379 1611 564 1691 accinatur,
601 1629 640 1676 ea
667 1629 737 1676 non
766 1611 836 1675 tam
865 1608 899 1674 in
926 1607 1057 1673 aurium
1085 1603 1241 1693 arbitrio,

126 1744 224 1816 quarn
252 1726 286 1792 in
315 1745 420 1793 sensu
448 1745 486 1792 ac
513 1721 761 1815 significatione
790 1723 900 1814 posita
927 1727 991 1790 est.
1044 1716 1133 1791 Nam
1163 1741 1242 1790 curn

125 1860 245 1909 omnes
272 1837 347 1909 fere
374 1860 480 1909 uoces
508 1861 526 1908 e
554 1839 668 1908 radice
696 1844 730 1905 et
757 1837 916 1918 evariis,
944 1842 981 1904 ut
998 1857 1089 1905 nunc
1107 1834 1237 1921 dicunt,

125 1951 305 2048 praefixis
334 1952 482 2038 suffixis,
511 1950 809 2023 terminationibus
831 1954 1040 2044 compositas
1060 1972 1140 2022 esse
1158 1975 1244 2047 prae

125 2070 251 2137 ceteris
285 2067 377 2138 orbis
410 2076 581 2153 terrarum
608 2067 740 2160 populis
767 2069 939 2136 memoria
964 2072 1135 2152 tenerent,
1164 2068 1245 2136 cui-

128 2201 193 2273 que
219 2183 316 2251 vocis
343 2185 445 2275 parti,
486 2187 646 2272 tanquarn
672 2203 733 2273 per
759 2201 797 2250 se
825 2187 1016 2262 constaret,
1053 2200 1152 2249 suum
1179 2203 1244 2281 aes

126 2302 260 2365 centurn
288 2293 496 2365 tribuebant.
549 2295 719 2365 Dicebant
745 2296 852 2386 igitur
878 2289 1046 2364 praeitor
1084 2316 1148 2388 per
1186 2297 1248 2366 tri-

126 2408 251 2502 plicem
276 2392 470 2493 accentum,
492 2418 526 2479 ut
550 2408 785 2502 significarent
801 2417 872 2479 tres
898 2415 1014 2502 partes
1040 2408 1087 2479 ibi
1106 2411 1242 2497 inesse,

127 2545 217 2616 quae
249 2533 328 2594 suot
359 2525 568 2618 praepositio
600 2546 656 2609 or,
698 2524 800 2595 radix
837 2521 908 2607 ou,
950 2526 1141 2595 terminatio
1166 2528 1242 2595 ton.

12 2634 19 2648 ”
131 2636 245 2730 Atque
271 2640 453 2731 primarius
480 2641 514 2706 in
542 2641 685 2730 primam
714 2636 914 2730 plerumque
941 2635 1100 2723 cadebat,
1127 2639 1162 2707 in
1181 2659 1247 2709 ce-

130 2758 224 2823 teras
258 2753 467 2837 secundarii,
508 2753 540 2822 id
575 2753 663 2847 quod
689 2754 747 2824 vel
772 2775 863 2823 nuno
889 2756 925 2823 in
951 2754 1150 2847 compositis
1177 2751 1246 2825 ob-

128 2875 300 2938 servatur.
361 2864 484 2960 Neque
517 2867 616 2938 aliter
647 2869 681 2937 in
714 2866 846 2937 duabus
880 2866 1038 2953 vocibus²
1080 2889 1170 2961 quoe
1203 2866 1246 2939 ad

131 3003 234 3052 unam
265 2984 438 3052 notionem
477 2981 736 3075 significandam
769 3006 838 3054 non
874 2984 954 3055 iliae
980 2983 1117 3077 quidem
1144 2990 1245 3057 ooni-

128 3104 331 3188 unguntur,
379 3096 439 3166 sed
472 3096 637 3194 deinceps
672 3107 864 3193 ponuntur,
909 3122 1021 3193 usque
1055 3099 1096 3170 ad
1128 3108 1247 3172 nostra

129 3218 285 3305 tempora
317 3214 425 3281 accini
452 3211 551 3282 solet.
621 3212 676 3283 Sic
711 3219 801 3284 eninr
835 3214 970 3285 dicunt:
1006 3219 1043 3284 in
1069 3213 1246 3291 Betroctt

128 3323 293 3412 remman,
319 3324 467 3417 peterten
498 3326 628 3415 warde,
655 3327 896 3413 spartiatae,
926 3337 963 3399 ut
984 3346 1019 3398 'a
1046 3336 1257 3427 compositis·

127 3442 361 3513 nonnullum
389 3441 558 3513 diiierant.
614 3442 712 3530 Quod
744 3466 821 3514 cunr
855 3447 901 3515 ita
929 3448 984 3531 sit,
1023 3447 1084 3517 vel
1108 3457 1250 3542 praeter

129 3557 211 3628 illud
245 3540 464 3629 intervallum
491 3557 606 3628 ἄτονον
635 3563 724 3631 inter
756 3559 842 3631 duos
871 3569 1036 3633 accentus
1063 3562 1249 3637 diaeresim

101 3671 301 3764 ouandanr
333 3672 574 3744 brevissimam
610 3673 719 3744 audiri
752 3681 906 3769 apparet.
977 3672 1022 3745 Et
1054 3698 1141 3748 vero
1172 3683 1249 3773 quis

129 3793 194 3871 est,
224 3789 279 3880 qui
306 3810 383 3858 eam
409 3811 476 3858 non
504 3796 669 3881 agnoscat
694 3792 730 3859 in
757 3792 900 3861 nomine
925 3787 1048 3879 Srtrn,
1078 3813 1178 3884 quem
1207 3795 1249 3873 ud

129 3900 265 3972 modum
291 3907 326 3973 in
351 3903 414 3975 hoc
440 3927 547 3976 versu
573 3904 861 4000 pronuntiandum
890 3914 956 3976 est:

520 4069 642 4164 sprteh
668 4070 709 4141 dt
736 4065 848 4154 sinit,
