2746 4530
552 299 701 370 ⁴51

120 532 126 569 r
228 506 341 579 Semel
368 517 403 578 te
429 517 528 579 urent
554 532 593 581 se
618 513 688 580 voti
856 509 980 582 erebro
1006 535 1088 584 eun.
1103 569 1133 585 ..

177 659 262 746 Etru,
290 663 362 729 iam
389 681 488 738 mane
513 659 717 754 paullisper:
745 659 851 729 thesis
879 664 970 730 enim
1004 666 1130 735 omissa
1165 673 1228 738 est.

127 775 225 848 Nune
250 798 374 870 perge,
403 777 469 846 sis:

849 905 1002 979 demues.

177 1057 252 1129 Nun
279 1081 333 1128 me
359 1057 493 1151 quidem
520 1055 618 1150 fugit,
653 1061 818 1128 inversu
846 1057 1018 1146 Saturnio,
1047 1084 1230 1150 eumuna,

127 1196 196 1246 non
224 1173 312 1244 duae
340 1195 456 1243 morae
482 1171 677 1243 reticendae
703 1175 783 1260 siut,
810 1172 889 1258 vel,
918 1183 955 1244 ut
982 1177 1063 1247 artis
1103 1177 1230 1271 rhyth-

127 1290 236 1358 micae
268 1287 446 1358 ducturum
471 1285 649 1359 vocabulis
674 1295 762 1374 utar,
798 1285 934 1379 λεῖμμα,
960 1310 1029 1362 uon
1058 1288 1233 1386 πρόςθεσις

127 1406 217 1488 iusit,
247 1423 316 1472 non
338 1400 498 1487 tamdiu,
528 1423 629 1495 quam
645 1404 690 1480 in
721 1409 935 1495 pentametro
968 1401 1137 1492 dactylico
1162 1427 1232 1476 vo-

128 1541 202 1589 cem
230 1514 476 1587 redhibendam
501 1536 595 1602 esse,
636 1515 697 1587 sed
723 1519 806 1588 satis
831 1517 970 1611 longum
997 1520 1229 1607 intervallum,

128 1632 217 1727 quod
245 1635 279 1701 in
306 1631 416 1704 media
440 1629 550 1702 verbu
577 1635 657 1725 puni
681 1652 750 1702 uon
775 1637 897 1725 possit,
926 1632 1033 1706 thesis
1051 1634 1126 1706 loeo
1144 1657 1232 1731 sup-

128 1747 295 1843 plendum
321 1769 414 1832 esse,
449 1746 508 1817 vel
541 1745 688 1816 alierum
713 1745 914 1840 populorum
940 1750 1096 1818 carmina
1122 1771 1232 1841 argu-

127 1874 246 1933 mento
274 1870 362 1931 sunt.
418 1859 496 1931 Non
529 1859 755 1930 muduenim
782 1863 894 1931 ineis
922 1859 1094 1948 versibus,
1130 1865 1231 1955 quie

127 1976 304 2048 vocalium
331 1975 554 2066 lungitudine,
585 1974 771 2045 sedetiam
790 1979 824 2044 in
843 1979 907 2059 eis,
936 1978 992 2068 qui
1019 1999 1062 2045 ex
1089 1987 1230 2048 accentu

127 2091 296 2188 pendent,
337 2090 456 2185 χρόνος
489 2089 581 2165 κενὸς
613 2092 687 2159 sive
720 2087 961 2175 intervalium,
1002 2089 1091 2183 quod
1124 2090 1230 2163 thesis

131 2211 284 2278 emissae
312 2204 426 2274 tecum
452 2201 593 2290 obtinet,
629 2226 782 2296 semper,
817 2203 904 2297 quod
930 2206 1053 2290 seiam,
1094 2205 1230 2298 longius

129 2330 193 2408 est,
222 2342 327 2412 quam
354 2318 440 2413 quod
467 2318 622 2388 medium
640 2316 790 2387 verbum
808 2316 949 2387 dividat.
970 2316 1009 2387 ln
1026 2323 1231 2389 nostratium

128 2436 262 2531 quidem
298 2433 505 2505 carminibus
538 2430 760 2528 popularibus
793 2431 898 2502 thesis
932 2453 1016 2502 saue
1049 2436 1229 2522 omittitur,

127 2551 186 2624 sed
213 2571 391 2640 nunquam
418 2568 486 2617 neu
511 2551 599 2616 inter
624 2545 689 2617 duo
714 2544 833 2615 verba.
898 2545 1071 2640 Exempla
1097 2553 1228 2642 sumpsi

127 2689 147 2736 e
171 2661 396 2746 carminibus,
413 2683 501 2754 quae
516 2682 534 2729 a
552 2658 696 2730 Kirsaha
723 2655 875 2731 Duniiuti
896 2659 1038 2730 collecta
1064 2683 1143 2731 esse
1170 2660 1229 2731 di-

126 2789 260 2852 uuntur.
321 2777 374 2846 Aa
405 2780 548 2869 primum
582 2776 715 2868 quidem
743 2798 762 2845 e
788 2778 938 2845 carmine
969 2772 1131 2846 Coronea
1158 2777 1233 2866 By·
1362 2858 1366 2866 Ι

124 2897 366 2986 arripennem:

279 3045 446 3134 lIlnpomi
472 3044 645 3134 parnense
670 3063 716 3112 110
740 3043 831 3112 naeu
856 3064 981 3128 aenum,

280 3141 626 3231 Puyeonriveuyrm
653 3139 916 3231 flnmnpeneaie.

127 3291 260 3365 Deinde
287 3316 305 3364 e
331 3295 483 3363 earmina
509 3293 586 3382 Tpn
625 3313 710 3374 rope
743 3290 1016 3382 ssoepmummna
1053 3307 1233 3357 creuerun-

125 3431 233 3478 nem:

289 3555 548 3642 Baiiue'rnven
573 3555 701 3642 yunny
725 3552 980 3639 firnarseeeuy

283 3656 313 3724 iu
339 3676 381 3724 130
407 3656 496 3722 utinm
520 3651 733 3742 nepepnoum
756 3650 979 3740 Maprinnnn.

125 3804 211 3877 Tum
239 3825 258 3873 e
284 3805 440 3873 carmine
467 3802 645 3893 staupum
672 3801 775 3889 etym
800 3817 1000 3889 nonupnus:

279 3951 420 4043 Oeimy
448 3956 582 4045 popurus
608 3935 842 4042 upanoaamia

279 4051 331 4143 iia
356 4052 639 4141 reuerevre'era
665 4049 867 4118 intimare.
1087 4151 1126 4223 4·
