2746 4530
620 305 665 379 69

87 535 179 606 esse,
212 521 272 593 vel
296 517 537 613 exemplorum
562 518 707 611 penuria
739 511 925 608 siguificat,
960 513 1087 589 deinde
1115 514 1196 585 dili·

87 641 216 731 gentia,
245 658 312 730 qua
337 637 433 730 prius
457 630 713 703 hemistichium
753 629 795 701 ad
820 638 1018 702 extremum
1056 630 1196 724 expoli-

87 761 152 823 tur.
181 751 272 823 Nam
298 757 439 846 praeter
464 747 544 818 illud
658 784 661 790 ·

396 903 534 974 Coriuto
560 873 687 985 deleto,

88 1055 175 1147 quod
202 1056 237 1125 iu
269 1058 496 1124 monumento
535 1057 590 1121 est
624 1070 692 1120 uou
733 1046 918 1118 admodum
957 1047 1121 1140 eleganti,
1162 1054 1196 1117 et

88 1166 300 1239 Naeuianum

394 1330 498 1403 Obliti
524 1340 603 1405 suut
628 1330 778 1418 Romae,

85 1501 173 1596 quod
199 1501 335 1573 benene
362 1523 402 1572 se
428 1499 566 1587 habeat,
594 1522 662 1572 nou
680 1507 825 1587 constat,
846 1500 976 1571 nullum
986 1481 1048 1571 ‘est
1065 1520 1194 1571 exem-

84 1618 189 1712 plum,
218 1620 298 1711 quin
323 1616 443 1703 thesis,
474 1639 562 1710 quae
587 1617 727 1686 ultimae
753 1619 823 1688 arsi
852 1615 1042 1712 praecedit,
1076 1623 1193 1711 aperte

84 1734 300 1827 corripiatur.
330 1731 532 1825 Quanquam
558 1734 593 1802 iu
618 1730 833 1824 longioribus
859 1731 1067 1802 carminibus
1101 1753 1193 1802 eau-

83 1847 160 1918 dem
188 1871 294 1942 saepe
319 1846 460 1942 produci
494 1845 672 1941 probabile
710 1852 773 1917 est.
814 1846 907 1931 Quod
934 1867 1010 1916 cum
1048 1850 1094 1916 ita
1133 1849 1189 1932 sit,

83 1962 183 2055 quale
223 1962 304 2032 illud
338 1963 505 2034 Corsaeui
537 1983 616 2033 esse
649 1964 900 2047 existimamus,
941 1984 1082 2033 versum
1119 1963 1191 2031 Sa-

83 2078 230 2146 turnium
269 2079 339 2146 arsi
373 2076 527 2147 concludi
567 2097 684 2171 posse,
725 2097 801 2146 cum
828 2079 923 2171 prius
961 2097 1097 2169 quoque
1122 2075 1191 2146 he-

83 2191 301 2275 mistichium,
331 2194 360 2263 si
386 2200 464 2285 post
488 2195 621 2261 tertiam
650 2195 753 2261 arsim
771 2199 942 2262 resectum
971 2192 1025 2274 sit,
1045 2194 1080 2262 iu
1098 2193 1191 2261 iam-

83 2303 160 2377 bum
186 2329 307 2402 purum
335 2307 538 2401 plerumque
556 2309 654 2377 exire
671 2305 872 2377 videamus?
889 2305 941 2379 Ea
959 2315 1073 2377 autem
1090 2306 1192 2378 diae-

82 2429 183 2508 resis,
211 2448 299 2519 quae
318 2434 396 2520 post
414 2427 553 2496 alteram
574 2428 679 2496 arsim
695 2446 776 2497 esse
803 2426 902 2508 solet,
924 2424 987 2496 hoo
1006 2429 1038 2495 io
1058 2447 1190 2517 genere

82 2560 205 2610 versus
231 2563 301 2611 nou
332 2541 430 2611 modu
448 2562 514 2611 uou
535 2539 755 2626 observatur,
783 2544 1027 2610 verumetiam
1046 2541 1191 2611 consul-

82 2661 117 2725 to
142 2659 318 2741 omittitur,
346 2679 392 2726 ue
417 2664 495 2750 post
512 2656 665 2749 singulos
686 2655 790 2750 pedes
808 2654 986 2724 diaereses
1004 2652 1096 2725 haut.
1118 2654 1190 2725 Po-

81 2774 212 2863 sterius·
231 2793 320 2842 vero
353 2771 598 2842 hemistichium
633 2771 737 2840 multo
772 2767 942 2840 difficilius
969 2791 1068 2862 quam
1095 2772 1190 2864 prius

83 2884 284 2956 diiudicatur
326 2895 464 2983 propter
505 2886 740 2980 exemplorum
786 2888 949 2977 exiguum
993 2905 1185 2958 numerum.

82 3000 182 3074 Oerta
211 3009 301 3075 euim
329 3013 383 3075 est
407 3008 545 3076 scansio
572 3004 706 3074 horum:

339 3153 484 3226 Romam
511 3156 634 3227 redieit
657 3155 884 3251 triumphans.

338 3250 485 3345 Loquier
510 3252 628 3345 lingua
653 3252 770 3323 latina.

340 3349 541 3421 Coseutiout
565 3348 770 3442 R(omaue),

81 3492 113 3563 iu
138 3517 219 3589 quo,
248 3518 336 3590 quae
362 3501 459 3569 urreis
485 3497 618 3569 inclusa
644 3497 818 3590 leguntur,
846 3497 886 3567 de
905 3501 1102 3568 coniectura
1120 3496 1187 3568 ad-

82 3605 145 3679 ditu
172 3618 262 3681 suut.
293 3610 360 3682 Sed
388 3635 464 3684 curu
490 3611 525 3682 Id
551 3611 652 3683 litera
676 3614 710 3682 in
737 3621 955 3683 monumento
981 3618 1107 3700 exstet,
1126 3615 1186 3683 ui-

82 3719 125 3794 bil
148 3724 244 3796 aliud
268 3728 378 3797 conici
404 3733 522 3823 potest
546 3736 685 3822 praeter
710 3726 790 3798 illud
810 3735 867 3797 aut
882 3726 1014 3797 Romal
1031 3734 1089 3797 aut
1107 3724 1186 3798 ao-

83 3857 156 3908 moe
181 3838 269 3911 thesi
295 3863 494 3936 suppressa.
524 3840 655 3913 Verum
682 3851 795 3914 tamen
831 3840 1106 3913 animadvertere
1139 3842 1186 3912 li-

85 3958 145 4038 cet,
173 3952 294 4026 thesim
314 3978 389 4027 eam
409 3957 559 4050 quidem,
587 3978 675 4048 quae
701 3960 735 4027 iu
762 3957 861 4028 solito
881 3957 1054 4027 schemate
1072 3958 1186 4026 corri-

86 4066 202 4159 piatur,
229 4068 291 4140 hac
318 4071 353 4142 in
379 4074 498 4166 specie
522 4093 627 4167 posse
655 4072 810 4167 produci,
842 4071 1059 4167 productam·
1082 4071 1184 4156 solvi,
