2746 4530
680 312 731 384 86·

156 543 236 609 ono,
262 529 337 591 tum
362 521 520 606 vocibus,
549 522 657 614 qualis
695 530 750 594 est
783 523 977 614 puoblicaa,
1022 496 1260 594 confirmatur.

155 636 343 708 Poudlicua
368 640 457 707 enirn
484 637 542 706 vel
563 637 739 730 puplicae,
769 642 831 708 etsi
870 660 931 731 pro
968 639 1149 730 poputum
1185 638 1264 708 dic·

155 760 226 822 tum
248 759 312 834 est,
340 759 456 821 tamen
489 754 638 846 primurn
675 752 876 844 productam
914 752 1028 838 habet,
1069 764 1117 842 ut,
1165 762 1264 848 post-

157 888 262 960 quam
299 867 477 960 positionis
516 869 572 936 vis
609 868 794 936 imminuta
834 870 889 955 sit,
917 868 1047 939 vocalis
1085 867 1262 959 longitudo

158 989 329 1051 servetur.
365 979 483 1072 ltaque
509 989 586 1050 ante
613 982 866 1075 complexiones
893 1006 933 1050 na
949 991 994 1053 et
1018 984 1065 1071 ns
1084 985 1263 1078 positionis

159 1097 367 1164 memoriam
394 1095 539 1164 naturali
565 1096 739 1166 vocalium
766 1094 976 1187 longitudine
1018 1094 1138 1189 tultam
1167 1118 1262 1181 esse,

159 1216 302 1279 testatur
328 1208 450 1279 Cicero
476 1207 630 1279 Oratoris
656 1234 686 1279 c.
719 1210 775 1281 48.
802 1208 956 1295 Etenim,
985 1213 1052 1280 nisi
1080 1194 1204 1281 saltem
1223 1235 1266 1280 aa

159 1323 347 1393 admodum
372 1324 496 1394 leviter
523 1325 790 1418 appellarentur,
818 1346 882 1396 non
900 1325 1056 1396 licuisset
1072 1325 1192 1396 Plauto
1206 1349 1262 1412 ea,

158 1460 246 1532 quae
274 1446 353 1509 sunt
375 1439 502 1509 sedeas
538 1449 573 1509 ot
609 1438 741 1525 lobene,
769 1448 913 1532 utraque
951 1447 1105 1534 correpta
1143 1441 1268 1510 dicere.

157 1550 294 1623 Eodem
321 1553 419 1623 modo
437 1557 568 1622 amissa
586 1556 754 1648 positione
782 1551 904 1623 Graeci
925 1554 1084 1623 dixerunt
1101 1553 1269 1649 ἀλλήλους

158 1686 221 1760 pro
247 1664 421 1743 ἀλλάλλοις
445 1676 479 1737 et
516 1666 645 1738 Persae
670 1670 704 1737 in
727 1665 904 1751 versibus,
933 1689 1013 1736 cum
1038 1668 1170 1738 vocalis
1209 1672 1270 1739 in-

159 1783 324 1875 terposita
363 1789 472 1866 esset,
508 1782 685 1853 midemdn
717 1805 778 1877 pro
818 1781 983 1865 niidnidn,
1024 1780 1175 1853 bdaetdn
1206 1807 1270 1880 pro

160 1894 299 1965 waldo.
342 1895 429 1982 Quid
467 1920 509 1968 ea
549 1919 832 1978 commemorem,
871 1899 904 1966 in
942 1896 1066 1989 quihus
1108 1901 1269 1992 ingratae

159 2011 411 2105 complexionis
450 2013 613 2083 vitandae
650 2035 753 2084 causa
792 2034 944 2083 consona
970 2020 1048 2082 ante
1075 2035 1266 2085 consonam

161 2128 247 2198 elisa
271 2128 344 2199 est?
371 2129 538 2221 Poplicola
562 2130 802 2222 igitur-haec
828 2132 924 2199 enim
960 2127 1072 2199 forma
1100 2133 1271 2223 antiquior

162 2241 265 2312 inerit
293 2265 439 2313 necesse
464 2252 516 2314 est
542 2285 587 2298 -
613 2248 765 2338 primam
793 2245 968 2339 positionis
1004 2245 1038 2310 vi
1066 2244 1266 2336 productam

161 2357 340 2428 habuerat.
371 2356 461 2429 Nam
488 2384 509 2429 a
536 2360 685 2443 literam,
715 2381 802 2452 quae
828 2361 861 2428 in
887 2379 975 2428 voce
988 2356 1139 2447 populna
1157 2366 1264 2443 esset,

160 2476 309 2542 eiectam
334 2472 417 2542 nihil
451 2473 492 2543 ad
519 2473 777 2568 producendum
813 2474 979 2558 valuisse,
1015 2471 1111 2541 brevi
1152 2476 1269 2567 priore

156 2587 255 2680 popli
281 2597 435 2683 apparel.
478 2588 514 2659 ln
553 2588 677 2659 heroo·
697 2611 803 2658 versu
844 2593 914 2658 iam
942 2589 1029 2683 apud
1056 2587 1207 2658 Ennium
1235 2596 1271 2660 ot

160 2702 327 2773 Lucilium
353 2702 453 2774 huius
479 2706 654 2798 positionis
687 2702 843 2796 exempla
884 2706 1115 2772 inveniuntur.
1158 2700 1268 2788 Quid?

160 2816 299 2889 Plautus
327 2840 439 2889 nonne
473 2818 604 2888 nullam.
632 2821 706 2888 eius
732 2819 902 2888 rationem
940 2816 1101 2888 habuisse
1127 2816 1269 2889 dicitur?

160 2931 352 3003 Attamen
378 2932 442 3002 hoc
468 2933 677 3026 producendi
715 2954 846 3025 genere
884 2953 967 3001 usus
1001 2939 1054 3002 est
1091 2934 1127 3000 in
1162 2955 1269 3004 versu

164 3047 337 3118 trochaico
362 3046 451 3117 llud.
472 3046 531 3127 lv,
559 3047 579 3117 5
606 3046 669 3139 (V,
701 3047 751 3134 1),
781 3047 825 3118 18
854 3046 998 3138 (1208);

211 3179 299 3251 sunt
323 3179 414 3249 domi
440 3183 520 3272 agni
547 3188 581 3250 et
605 3183 700 3274 porci
725 3192 854 3252 sacres.
886 3182 939 3249 set
964 3179 1043 3272 quid
1068 3182 1169 3248 istum
1207 3201 1271 3251 ra-

662 3299 665 3303 *
957 3273 1164 3346 moramini?

163 3391 229 3463 Ubi
255 3390 494 3461 animadverte
521 3413 587 3461 una
615 3413 695 3460 cum
721 3393 887 3484 positione
913 3390 1120 3459 nominativi
1146 3391 1271 3484 plura-

163 3506 205 3577 lis
231 3509 513 3577 terminationem
540 3506 824 3597 antiquissimam,
844 3524 888 3571 ex
908 3524 973 3594 qna
992 3506 1156 3588 conicias,
1183 3502 1272 3575 hano

163 3623 314 3714 priscam
340 3619 559 3689 sacerdotum
598 3619 708 3687 fuisse
745 3615 942 3687 formulam.
984 3614 1134 3700 Deinde,
1163 3637 1269 3709 quem

163 3734 205 3807 ad
231 3734 373 3808 modum
400 3733 499 3804 rubri
525 3754 626 3803 castis
652 3732 777 3825 obliqui
802 3734 893 3801 circa
918 3732 988 3799 divi
1007 3728 1159 3822 Augusti
1177 3739 1270 3800 tem-

163 3868 245 3940 pora
273 3871 295 3915 a
322 3850 418 3919 litera
445 3848 607 3942 producta
633 3846 845 3932 dicebantur,
879 3853 916 3914 ut
952 3852 1090 3938 praeter
1123 3843 1271 3915 Lucretii

163 3960 225 4044 Vl,
256 3963 338 4048 402,
360 3962 449 4055 quod
477 3965 600 4052 sciam,
620 3962 747 4033 nullum
768 3958 841 4030 lere
859 3967 1037 4054 correptae
1064 3959 1271 4053 exemplum

163 4084 328 4161 exstaret,
355 4081 401 4146 ita
428 4077 521 4146 idem
547 4076 686 4147 Plautus
711 4076 794 4146 dixit
818 4074 920 4146 Truc.
950 4073 994 4158 11,
1024 4074 1058 4155 2,
1090 4075 1147 4143 39:
