2746 4530
670 225 700 327 's

131 475 223 541 tetum
249 469 371 540 eadem
397 463 470 536 fere
497 467 629 559 specie,
657 468 693 535 in
719 487 820 558 quam
847 488 867 535 a
892 422 1101 536 Terentiano
1125 465 1253 536 Mauro

130 586 166 655 in
191 582 353 655 versibus
380 579 536 674 exempli
561 581 673 670 gratia
700 579 859 649 redactus
886 588 951 651 est:

143 840 149 847 „
238 764 314 835 Jam
342 786 432 834 nunc
459 771 562 834 vocet
586 761 761 834 Camenas
788 768 864 857 quis
882 787 1005 836 novem
1026 788 1177 838 sorores.

131 911 236 1008 Apud
261 911 505 984 Terentianum
531 913 586 1004 (v.
616 911 731 1003 2514)
756 919 868 982 autem
895 916 959 984 sio:

238 1077 283 1150 Ut
308 1080 336 1150 si
363 1086 464 1149 vocet
491 1075 662 1149 Camenas
689 1081 764 1173 quis
791 1101 917 1151 novem
944 1103 1099 1152 sorores

129 1258 207 1334 Nec
232 1265 357 1334 mirum
384 1271 451 1343 est,
480 1286 542 1333 cur
567 1286 587 1333 a
613 1263 824 1335 Terentiano
851 1266 895 1334 ita
923 1273 1070 1336 mutatus
1095 1268 1151 1351 sit,
1191 1267 1250 1358 qui

130 1398 199 1449 non
225 1378 388 1471 exemplo
413 1399 545 1448 versus
572 1377 760 1469 indigebat,
786 1399 862 1447 cum
881 1381 956 1472 ipsc
973 1377 1135 1449 versibus
1154 1379 1252 1450 scri-

129 1487 242 1575 beret,
271 1490 333 1562 sed
360 1498 489 1575 notum,
518 1499 555 1560 ut
580 1491 731 1576 videtur,
760 1492 915 1562 eiusdem
943 1496 1082 1578 generis
1102 1515 1249 1564 versum

130 1606 167 1674 in
192 1604 381 1696 legentium
407 1606 607 1675 memoriam
633 1600 834 1675 redacturus
861 1614 948 1676 erat:
977 1607 1038 1677 sed
1065 1607 1251 1677 Victorino

130 1719 213 1813 quid
239 1722 315 1790 eius
348 1718 439 1789 modi
464 1722 649 1789 mutatione
675 1741 761 1813 opus
788 1729 875 1806 erat,
903 1723 961 1814 qni
988 1721 1139 1815 pedestri
1165 1743 1251 1792 sera

130 1855 232 1905 mone
257 1842 412 1904 uteretur
437 1841 538 1926 atque
557 1833 650 1904 illum
670 1857 811 1906 versum
828 1837 894 1906 iam
911 1834 1149 1931 apposuisset?
1168 1835 1248 1927 Ego

131 1969 217 2020 voro
243 1947 308 2018 hoc
340 1947 435 2017 nullo
463 1954 563 2040 pacto
590 1939 765 2042 explicare
790 1971 944 2043 possum,
980 1954 1048 2023 nisi
1075 1955 1138 2040 sic,
1166 1950 1250 2020 Ma-

24 2051 25 2054 *
130 2063 218 2132 rium
244 2061 456 2131 Victorinum
485 2069 593 2131 totum
620 2060 710 2132 hunc
737 2062 862 2150 locum,
892 2067 948 2157 qui
967 2069 1087 2136 mirum
1109 2068 1143 2136 in
1169 2071 1278 2136 mo-'

131 2175 211 2246 dnm
236 2173 436 2246 Terentiam
462 2175 572 2246 verba
599 2173 720 2262 refert,
750 2176 792 2247 ab
821 2177 886 2248 hoc
924 2183 999 2273 ipso
1037 2179 1250 2250 Terentiano

79 2373 86 2385 Ι
131 2290 177 2361 ad
202 2312 243 2362 se
269 2289 501 2375 transtulisse,
529 2292 650 2383 paucis
689 2292 861 2385 exemplis
901 2300 936 2362 et
972 2297 1165 2387 praeceptis
1204 2313 1249 2363 ex

132 2403 200 2475 alio
225 2401 319 2475 fonto
346 2403 484 2474 additis.
515 2401 646 2487 Quodsi
672 2401 817 2473 Atilium
844 2404 1122 2478 Fortunatiannm
1149 2428 1249 2477 com·

132 2523 328 2615 paraveris,
353 2518 509 2589 eiusdem
536 2517 738 2589 Terentiam
762 2519 873 2590 verba
900 2542 1085 2612 agnosces
1107 2521 1169 2592 sed
1186 2524 1248 2606 iia,

132 2643 169 2705 nt
194 2632 408 2704 Victorinum
429 2636 518 2704 inter
535 2641 717 2726 utrumque
745 2634 895 2704 medium
920 2632 1029 2706 fuisse
1047 2635 1152 2706 dicas.
1180 2634 1249 2706 Sed

132 2772 267 2845 quoquo
292 2750 392 2821 modo
417 2752 630 2842 grammatici
657 2751 744 2821 alius
772 2749 814 2820 ab
841 2751 907 2823 alio
933 2750 1034 2821 furati
1060 2761 1153 2836 sunt,
1184 2751 1248 2822 hoe

132 2865 213 2937 milri
237 2887 441 2960 persuasum
468 2871 534 2950 est,
555 2886 616 2935 eos
633 2886 747 2957 neque
765 2862 852 2934 Livii
881 2887 994 2958 neque
1014 2863 1137 2936 Naevii
1156 2886 1248 2959 poe-

133 2981 233 3052 matis
258 3002 342 3051 usos
368 3001 460 3050 esse.
488 2977 565 3048 Huc
592 2979 738 3063 aceedit,
766 2978 857 3071 quod
882 3001 1025 3060 versum
1051 2976 1247 3049 Romanum

131 3103 290 3188 tanquam
317 3117 337 3164 a
363 3091 509 3163 Graecis
536 3095 716 3162 inventum
750 3089 963 3165 Graecorum
995 3100 1068 3163 arte
1101 3095 1246 3163 metrica

131 3208 307 3304 explicare
324 3206 549 3288 conabantur.
566 3205 796 3276 Terentianus
811 3213 937 3291 autem,
954 3208 1115 3299 quoniam
1130 3203 1247 3274 Grae-

132 3326 273 3396 caelus
301 3325 437 3416 origine
476 3328 742 3391 commemorata
781 3319 996 3416 Euripidem,
1034 3318 1248 3414 Aristopha-

132 3462 225 3526 nem,
255 3436 516 3521 Callimachum,
545 3435 644 3521 alios,
674 3457 817 3530 quorum
845 3455 971 3506 versus
988 3458 1008 3505 a
1025 3437 1150 3506 ceteris
1168 3455 1246 3504 oum

132 3555 297 3628 Saturnio
331 3572 475 3622 numero
507 3557 761 3643 comparantur,
790 3571 834 3619 ne
859 3549 967 3620 verbo
1000 3550 1135 3642 quidem
1163 3551 1247 3618 atti*

132 3673 195 3763 git,
223 3668 283 3739 vel
307 3667 396 3738 hano
420 3665 464 3736 ol)
491 3685 631 3736 eausam
657 3666 689 3736 si
719 3686 788 3736 non
830 3665 1088 3757 antiquissimus
1127 3684 1246 3734 eorum

210 3805 254 3869 re,
284 3789 436 3852 atcerte
474 3781 746 3873 antiquissimam
786 3780 862 3849 eins
901 3799 1026 3850 versus
1058 3777 1246 3847 doctrinam

132 3904 150 3970 tr
209 3897 316 3968 idisse
330 3894 582 3967 existimandus
598 3901 662 3965 est.
682 3892 748 3963 Sed
767 3892 810 3962 de
827 3894 1128 3985 grammaticorum
1145 3911 1247 3961 eom-

246 4010 466 4083 slrartenus:
504 4018 583 4079 nam
611 4009 716 4078 otium
748 4005 831 4076 milri
857 4004 949 4077 >lecit
986 4027 1062 4076 eum
1104 4003 1247 4075 aliorum
