2746 4530
663 339 705 410 11

131 546 277 616 toralia
303 547 404 618 llovii
430 548 591 642 exempla
616 549 776 642 leguntur
802 549 900 621 haec:
933 551 1046 622 «Idem
1072 555 1106 623 in
1124 552 1245 624 Fane-

128 682 181 730 re:
211 664 302 752 agite
328 665 434 746 exite,
464 663 685 734 temulentum
712 665 856 742 tollite»,
880 664 976 750 Quae
994 688 1070 736 eum
1090 668 1125 736 in
1142 668 1245 759 glos·

129 780 221 846 sario
248 778 325 846 sive
350 775 578 863 Forneriano,
607 800 673 871 quo
698 778 835 850 Merula
863 803 901 851 se
935 780 977 851 ad
1009 780 1112 851 Ennii
1143 779 1245 874 frag-

128 896 243 965 menta
269 890 509 985 locupletanda
537 914 638 961 usum
665 915 746 963 esse
773 893 864 978 dicit,
895 897 972 964 sive
998 895 1079 980 alio,
1116 899 1245 989 inquo

129 1025 190 1096 pro
205 1004 326 1089 llovio,
343 1011 379 1073 ut
405 1027 525 1098 saepe,
544 1003 670 1075 Naevii
695 1026 822 1077 nomen
848 1006 1038 1098 legeretur,
1066 1031 1135 1079 non
1162 1013 1245 1082 satis

128 1117 286 1188 distincte
313 1127 454 1190 exarata
481 1128 600 1191 essent
625 1121 736 1191 addito
763 1122 805 1191 ad
831 1131 1023 1193 extremum
1054 1126 1144 1194 Festi
1176 1115 1246 1194 no-

129 1235 233 1317 mine,
263 1232 394 1304 Merula
434 1235 556 1304 llaevii
597 1232 706 1304 verba
745 1240 867 1329 partim
905 1257 970 1329 per
1009 1237 1246 1331 compendium

129 1352 254 1440 scripta
279 1370 359 1420 esse
390 1357 484 1419 ratus
523 1348 608 1419 haec
635 1352 770 1420 eruisse
797 1349 863 1420 sibi
898 1354 996 1420 visus
1028 1358 1092 1421 est:
1133 1350 1247 1422 «Gaa-

130 1483 204 1533 sum
230 1460 351 1533 funera
384 1469 525 1554 agitant,
567 1466 756 1556 exsequias
793 1468 905 1533 ititant
945 1464 1247 1559 temulentiamque

39 1596 41 1602 ·
130 1577 251 1647 tollunt
275 1575 434 1648 festam».
471 1578 584 1669 Atque
617 1577 698 1647 illud
733 1600 875 1647 caecam
908 1577 986 1670 quid
1021 1582 1076 1663 sit,
1111 1583 1244 1666 nescio,

95 1680 96 1683 ¹
129 1689 193 1760 sed
218 1690 415 1761 temulentia
443 1691 502 1761 illa
534 1689 622 1761 festa
649 1695 729 1783 quin
756 1700 851 1761 recta
878 1690 1008 1761 aFesti
1027 1693 1248 1765 nominede-

131 1804 317 1888 soenderit,
347 1804 506 1896 equidem
533 1827 641 1898 prope
668 1826 736 1874 non
754 1804 884 1875 dubito:
907 1806 1107 1899 particulam
1134 1817 1246 1879 autem

131 1939 197 2010 qne
223 1916 265 1987 de
293 1939 355 1988 suo
381 1918 522 2003 addidit,
550 1940 595 1988 ne
621 1917 734 1987 hiulca
761 1925 857 1988 esset
888 1921 1008 1988 oratio.
1044 1918 1132 2004 Quid
1158 1921 1247 2013 quod

131 2054 175 2102 ne
201 2035 404 2102 coniunctae
431 2032 566 2124 quidem
595 2032 637 2103 ad
670 2031 846 2101 arbitrium
886 2032 974 2102 duae
1014 2033 1114 2104 huius
1146 2033 1248 2127 frag-

132 2149 236 2216 menti
261 2154 378 2239 partes
416 2147 526 2217 videri
564 2146 727 2241 possunt?
759 2145 848 2218 Narn
886 2152 1080 2241 quicunque
1118 2150 1245 2237 didicit,

131 2282 230 2352 quam
261 2263 395 2332 incerto
422 2263 541 2333 ordine
568 2262 625 2332 illa
650 2261 820 2352 glossaria
846 2261 981 2353 digesta
1008 2272 1138 2348 essent,
1160 2286 1248 2358 pro-

131 2372 219 2445 lecto
244 2397 316 2446 non
342 2376 529 2461 mirabitur,
559 2376 796 2448 altumaltum
823 2384 857 2445 et
890 2377 1112 2459 temulentam
1145 2378 1248 2449 dein-

132 2510 215 2582 ceps
241 2492 353 2583 posita
379 2492 564 2561 invenerit.
595 2493 700 2560 Fraus
726 2493 842 2581 igitur,
872 2491 970 2583 siqua
997 2499 1061 2575 est,
1090 2500 1247 2562 nontam

131 2606 164 2673 ln
190 2601 394 2695 fragmentis
419 2607 519 2699 ipsis,
548 2625 649 2695 quam
677 2606 711 2673 in
747 2602 922 2697 Calpurnii
955 2603 1090 2674 Pisonis
1124 2609 1250 2675 aucto-

134 2720 234 2786 ritate
261 2718 459 2810 quaerenda
499 2726 561 2788 est.
601 2715 776 2800 Ceterum,
806 2738 1009 2808 quamquam
1049 2715 1133 2785 haec
1171 2737 1249 2786 mea

133 2841 186 2903 est
209 2833 337 2926 opinio,
366 2840 483 2902 tamen
509 2853 682 2924 nunquam
709 2830 870 2915 adducar,
900 2838 936 2899 ut
953 2829 1020 2900 illis
1046 2829 1249 2922 fragmentis

132 2945 220 3016 fisus
246 2947 424 3038 quidquam
451 2949 532 3030 novi
557 2946 602 3015 de
629 2968 735 3016 versu
755 2944 914 3014 Saturnio
934 2952 1092 3017 statuam.
1113 2945 1181 3015 Sed
1206 2945 1250 3017 de

133 3060 264 3132 Merula
291 3064 387 3131 satis:
417 3064 482 3131 iam
510 3060 551 3130 ad
578 3063 629 3131 rei
655 3063 816 3130 metricae
843 3063 1030 3152 scriptores
1049 3059 1246 3131 redeamus.

134 3174 178 3245 Hi
204 3178 308 3266 igitur
333 3184 472 3269 praeter
496 3175 582 3244 duos
610 3175 731 3244 Naevii
756 3196 895 3258 versuS,
925 3177 983 3267 qui
1011 3196 1115 3266 supra
1147 3197 1250 3246 oom-

134 3294 307 3360 momorati
335 3297 426 3375 sunt,
455 3295 490 3360 et
519 3298 654 3383 praeter
675 3289 835 3382 exempla
870 3287 911 3357 ab
954 3311 991 3359 se
1030 3287 1120 3373 licta,
1161 3310 1251 3382 quae

58 3395 62 3400 ’
135 3411 310 3474 auctorum
335 3407 562 3496 ignorantiam
591 3402 822 3485 manifestant,
852 3401 1068 3472 Metellorum
1101 3405 1159 3495 qui
1191 3402 1251 3473 di-

135 3519 221 3586 ettur
245 3518 455 3588 versiculum
490 3526 525 3588 et
548 3517 634 3588 duas
672 3524 790 3585 tresve
823 3517 1078 3609 inscriptiones,
1117 3524 1154 3586 ut
1184 3518 1251 3610 ipsi

135 3633 248 3715 aiunt,
293 3631 513 3724 triumphales
552 3637 814 3703 conservarunt.
853 3627 908 3698 Ac
946 3629 988 3699 do
1025 3651 1131 3700 versu
1175 3630 1248 3716 illo,

138 3766 205 3839 quo
230 3745 359 3817 Metelli
384 3745 519 3818 Naevio
544 3755 668 3840 poetae
693 3744 919 3839 respondisse
945 3743 1134 3828 traduntur,
1155 3739 1247 3830 cum,

135 3860 215 3954 quid
240 3860 505 3930 existimandum
541 3864 596 3944 sit,
631 3880 697 3952 ego
734 3861 896 3942 nesciam,
937 3857 1061 3928 melius
1098 3855 1251 3927 iacturas

136 3996 218 4046 esso
242 3974 376 4061 videor,
406 3979 434 4044 sl
460 3975 634 4067 legentem
660 3973 703 4044 ad
727 3973 900 4044 doctorum
928 3971 1100 4042 hominum
1128 3971 1251 4043 iudicia

138 4087 366 4182 delegavero,
395 4110 483 4182 quae
510 4111 530 4158 a
555 4085 677 4159 Plavio
702 4087 846 4158 mllecta
872 4094 951 4159 sunt
976 4088 1008 4155 in
1034 4085 1251 4158 adnotatione
