2746 4530
676 300 745 372 122

157 515 371 606 Quanquam,
400 533 488 604 quae
514 510 603 580 dona
640 511 780 581 deorum
821 510 876 579 bio
914 511 1146 602 intellegenda
1183 517 1264 601 sint,

154 631 221 701 nisi
247 628 428 721 exemplar
453 621 623 694 Graecum
649 627 804 709 noveris,
833 647 897 718 per
923 646 962 696 se
980 628 1063 695 satis
1083 626 1267 697 obscurum

152 766 330 816 essenon
355 763 459 833 nego
489 739 618 810 Verum
653 750 780 827 tamen,
821 763 987 832 quaenam
1028 749 1158 825 essent,
1197 765 1267 814 non

153 857 252 929 modo
279 838 426 928 additum
454 853 579 938 fuisse,
606 854 667 927 sed
694 859 795 924 etiam
822 854 910 924 banc
936 856 1198 949 explicationem
1225 859 1267 928 ad

151 992 216 1043 nos
242 973 449 1064 pervenisse
476 971 645 1062 suspicor.
674 967 762 1039 Nam
789 975 882 1038 certe
920 965 1008 1039 Livii
1046 978 1142 1058 sunt,
1179 995 1268 1065 quae

151 1086 312 1179 leguntur
338 1084 427 1178 apud
453 1082 664 1153 Priscianum
691 1083 754 1167 VI,
789 1084 833 1152 17
861 1083 916 1153 ed.
946 1082 1006 1154 H.:
1041 1085 1183 1159 «Carnis
1207 1092 1269 1158 vi-

153 1220 304 1290 numque
330 1198 419 1290 quod
446 1196 599 1268 libabant
624 1196 864 1267 sociabatur».
898 1196 963 1281 Qui
989 1199 1084 1271 locus
1118 1201 1159 1271 ad
1198 1200 1263 1274 0d.

56 1383 60 1391 ,
152 1310 280 1398 XXIII,
308 1311 377 1382 304
403 1333 455 1402 sq.
483 1311 590 1401 vulgo
617 1308 741 1380 referri
767 1311 872 1383 solet.
904 1311 972 1381 Sed
998 1310 1115 1386 Livius
1142 1338 1269 1389 vereor

152 1446 199 1495 ne
227 1425 317 1494 aliud
343 1425 469 1494 dixerit
494 1433 595 1518 atque
621 1421 803 1510 Homerus,
829 1428 931 1496 cuius
956 1424 1066 1496 verba
1085 1427 1274 1524 adscripsi:

260 1602 300 1679 Οἳ
326 1605 401 1676 ἕθεν
421 1607 529 1676 εἵνεκα
546 1606 662 1693 πολλὰ,
685 1607 763 1704 βόας
790 1608 841 1677 καὶ
865 1608 936 1703 ἴφια
955 1608 1055 1704 μῆλα,

255 1701 437 1799 Ἔσφαζον,
457 1703 580 1780 πολλὸς
605 1704 640 1774 δὲ
664 1703 770 1774 πίθων
789 1706 961 1801 ἠφύσσατο
978 1706 1073 1782 οἶνος.

152 1872 271 1966 Itaque
297 1875 392 1968 proci
419 1871 542 1944 multos
568 1870 677 1943 boves
704 1880 739 1943 et
764 1873 914 1965 pecudes
938 1871 1147 1959 mactabant,
1174 1877 1268 1945 mul-

154 1995 292 2079 tumque
317 1991 435 2056 vinum
462 2008 482 2056 e
508 1986 603 2058 cadis
629 1986 789 2057 baustum
818 1995 882 2057 est.
916 1988 1018 2081 Apud
1044 1986 1174 2057 Livium
1200 2012 1268 2059 au-

153 2110 235 2185 tem,
264 2104 293 2172 si
319 2100 531 2171 anclobolm·
557 2110 610 2171 est
634 2102 817 2196 ἠφύσσατο,
858 2103 891 2171 id
930 2111 984 2173 est
1021 2103 1268 2176 bourlebolure

151 2217 247 2285 carni
274 2215 503 2308 praedicatum
531 2216 651 2285 deerit.
682 2215 859 2287 Audacius
894 2221 984 2285 enim
1023 2239 1170 2309 zeugma
1209 2225 1264 2306 sit,

151 2353 251 2424 quam
282 2353 343 2424 pro
369 2333 473 2426 prisci
497 2335 665 2403 sermonis
688 2333 918 2426 simplicitate.
947 2332 1079 2402 Verum
1104 2336 1264 2422 auclore,

150 2449 310 2539 quoniam
327 2428 491 2516 'eiusdem
520 2450 663 2536 originis
690 2454 870 2538 astatque
896 2446 1026 2515 unclllc
1068 2455 1103 2517 et
1139 2450 1266 2519 ancla-

152 2559 224 2629 bria
250 2582 384 2645 mensa,
407 2561 511 2629 multo
532 2562 670 2652 saepius
690 2560 951 2630 administrandi
972 2565 1042 2630 vim
1060 2560 1201 2631 obtinet.
1222 2561 1269 2632 Et

152 2674 279 2745 Festus
307 2673 502 2744 anclabrem
528 2697 563 2767 p.
595 2674 639 2744 10
674 2674 728 2743 ed.
771 2672 818 2742 lll.
862 2676 911 2744 sic
952 2672 1080 2744 delinit:
1125 2673 1268 2746 «lllensa

153 2791 349 2858 ministeriis
377 2795 490 2882 aptata
516 2787 681 2856 divinis».
710 2786 843 2880 Itaque,
874 2790 902 2856 si
921 2788 1041 2857 Livius
1062 2786 1139 2856 buie
1156 2786 1266 2858 verbo

150 2908 316 2976 rariorem
341 2902 519 2972 hauriendi
546 2907 752 2972 sententIam
779 2902 997 2986 subiecisset,
1027 2910 1120 2972 certe
1147 2900 1266 2974 Grae-

150 3040 226 3089 cum
251 3015 358 3101 nillum
386 3037 454 3085 non
481 3018 729 3108 praeteriisset.
753 3013 882 3086 Contra
900 3017 992 3108 quod
1010 3015 1168 3085 llbobant
1184 3017 1266 3111 pla-

60 3169 63 3176 ·
150 3154 195 3202 ne
221 3135 366 3201 otiosum
393 3138 445 3200 est
470 3151 583 3222 neque
610 3133 721 3203 minus
762 3130 969 3221 ambiguum,
1010 3139 1046 3199 ut
1080 3131 1171 3200 aliud
1210 3130 1266 3201 bio

151 3243 298 3317 subesse
325 3247 399 3313 iure
426 3247 593 3338 suspicari
621 3245 753 3314 videar.
784 3246 862 3314 Huc
891 3246 1036 3329 accedit,
1067 3245 1169 3337 quod,
1204 3254 1265 3316 ut-

150 3380 285 3450 cunque
312 3357 512 3448 digesseris
539 3381 664 3428 versus
691 3358 805 3429 nullus
833 3362 909 3429 erit.
952 3359 1011 3429 Sin
1044 3368 1155 3430 autem
1187 3382 1265 3431 cum

150 3475 217 3558 eis,
246 3494 334 3565 quae
362 3472 547 3541 emendare
586 3473 686 3542 modo
725 3477 839 3542 conati
878 3495 1011 3559 sumus,
1052 3477 1265 3567 coniungere

150 3587 254 3671 velis,
285 3586 455 3656 caelandi
481 3586 623 3657 verbum
650 3586 860 3682 ἀμφιπόλους
891 3589 1101 3681 exemplaris
1139 3586 1266 3660 Graeci

151 3724 221 3772 non
247 3702 335 3772 male
361 3700 500 3772 referat.
530 3701 575 3772 Et
600 3703 805 3786 emendatio,
836 3703 1088 3795 qualiscunque
1115 3705 1193 3788 erit,
1230 3704 1264 3773 iu

150 3824 306 3913 promptu
332 3826 394 3888 est.
420 3815 508 3888 Nam
547 3819 626 3913 κρέα
658 3826 693 3889 et
729 3818 815 3886 οἶνον
857 3821 920 3886 iam
955 3816 1136 3902 babemus,
1175 3822 1263 3886 σῖτον

189 3940 275 4020 rtem,
302 3932 333 4001 id
360 3941 414 4002 est
438 3933 578 4023 scupea,
606 3937 634 4004 si
662 3933 782 4002 eodem
809 3932 898 4018 loco,
928 3955 994 4024 quo
1021 3932 1109 4027 apud
1126 3930 1264 4002 Home-

251 4055 316 4137 est,
335 4046 578 4133 addiderimus,
599 4050 694 4141 prius
718 4046 969 4117 hemistichium
988 4051 1161 4137 integrum
1181 4049 1260 4118 erit.
