2746 4530
692 293 737 364 54

162 503 292 588 dimus,
321 503 472 573 ultimam
497 505 594 574 vocis
633 508 749 573 aetate
784 504 924 599 produci
956 504 1040 575 nibil
1077 527 1162 600 opus
1202 515 1268 590 est,

164 620 368 713 praesertim
392 639 469 686 cum
496 619 529 686 in
548 616 612 687 boc
631 626 849 689 monumento
867 619 957 689 idem
983 641 1097 703 casus,
1124 619 1182 690 ubi
1209 624 1269 690 ni-

162 731 211 802 hil
235 735 383 820 intersit,
422 741 534 802 utrum
570 733 777 826 producatur
815 756 858 803 an
896 737 1098 827 corripiatur
1136 736 1266 817 ultima,

165 868 227 940 per
251 849 282 915 ei
308 850 454 940 scriptus
481 849 536 918 sit.
566 845 622 916 Sic
647 849 737 917 enim
765 848 901 940 legitur:

210 992 244 1065 ls
270 994 324 1065 bic
350 998 449 1079 situs,
479 997 558 1089 qu'ei
582 1016 755 1088 nunquam
829 997 939 1064 victus
966 1003 1020 1065 est
1043 998 1194 1066 virtutei.

165 1121 249 1194 Sunt
274 1133 389 1195 tamen
414 1146 553 1224 persus,
583 1128 639 1218 qui
665 1147 720 1210 ea,
749 1147 835 1218 quae
863 1124 904 1194 de
929 1124 1081 1195 thesibus
1100 1129 1270 1196 omitten-

164 1239 217 1310 dis
244 1245 396 1310 statuere
415 1243 527 1332 conati
546 1260 677 1322 sumus,
698 1237 902 1308 subvertere
918 1239 1110 1308 videantur.
1139 1237 1169 1308 E
1188 1242 1276 1332 qui-'

163 1351 227 1422 bus
254 1354 287 1422 in
326 1357 499 1447 praesenti
526 1375 589 1423 eos
617 1352 797 1443 eligemus
832 1355 888 1444 qui
921 1352 1019 1421 aliter
1048 1361 1148 1445 atque
1181 1353 1270 1424 thesi

164 1466 353 1560 suppressa
378 1467 470 1537 nullo
497 1475 595 1561 pacto
622 1465 691 1558 legi
716 1473 873 1560 possunt.
900 1465 1079 1536 Eiusmodi
1105 1475 1159 1537 est
1191 1471 1270 1562 pri-

164 1601 240 1650 mus
266 1580 369 1672 elogii
396 1580 581 1652 Caeciliani
607 1601 745 1651 versus:

224 1728 298 1800 Hoc
324 1730 524 1803 estfactum
552 1741 814 1803 monumentum
888 1729 1026 1800 blaarco
1052 1729 1205 1815 Caicilio,

165 1882 261 1949 ouius
288 1882 322 1949 in
349 1880 455 1951 altero
483 1880 620 1951 dimidio
645 1882 702 1951 alii
727 1884 805 1951 voci
831 1881 993 1965 Moorco,
1030 1880 1087 1950 alii
1120 1879 1272 1952 Caicila‘o

165 1993 250 2063 duos
286 1997 375 2065 ictus
402 1993 563 2066 tribuunt.
594 1995 629 2066 Si
659 1996 805 2066 Muoreo
831 2019 893 2090 per
919 2003 988 2066 tres
1014 1992 1163 2088 syllabas
1201 1995 1272 2087 legi

164 2116 295 2202 posset,
318 2131 443 2180 versus
469 2132 537 2180 non
564 2110 621 2180 ille
647 2112 780 2203 quidem
808 2111 965 2203 elegans,
1000 2121 1113 2181 tamen
1145 2132 1272 2182 versus

168 2233 272 2295 esset.
300 2222 398 2295 Nunc
424 2247 509 2294 vero
537 2225 676 2294 alterum
709 2224 959 2295 hemistichium
993 2225 1093 2320 plane
1127 2221 1269 2321 ἄμετρον

169 2346 231 2409 est.
260 2335 345 2409 Nam
373 2361 441 2409 non
467 2339 565 2410 modo
585 2341 735 2410 secunda
755 2339 861 2410 thesis
881 2362 948 2410 non
967 2342 1159 2433 corripitur,
1180 2339 1270 2433 quod

165 2475 227 2547 per
254 2475 291 2523 se
318 2452 495 2524 tolerabile
522 2463 586 2539 est,
615 2455 674 2525 sed
706 2477 819 2548 neque
852 2455 1018 2525 diaeresis
1050 2453 1119 2522 ulla
1152 2462 1206 2524 est
1238 2463 1273 2525 et

167 2568 274 2640 thesis
293 2573 327 2640 in
354 2569 514 2640 alterutro
541 2568 649 2640 verbo
669 2569 778 2640 medio
797 2570 929 2639 videtur
948 2569 1175 2640 intercidisse.
1199 2567 1272 2640 Sed

166 2679 350 2753 Hennenus
375 2685 408 2753 in
436 2683 581 2777 epistula
609 2684 651 2753 ad
683 2682 906 2753 Ritsebelium
931 2685 1091 2779 privatim
1118 2683 1194 2752 data
1222 2723 1268 2736 -

166 2820 267 2891 quem
293 2798 407 2867 locum
437 2798 575 2897 videin
605 2797 734 2868 Musaei
774 2797 930 2869 liberiani
968 2796 1049 2868 VIII
1077 2820 1108 2890 p.
1140 2797 1209 2868 288
1228 2838 1271 2849 -

167 2911 255 2984 hanc
280 2914 536 3007 inscriptionem
563 2915 653 2982 circa
680 2913 748 2982 divi
774 2913 924 3006 Augusti
949 2921 1103 3007 tempora
1130 2920 1272 2982 restau-

168 3035 273 3096 ratam
300 3049 377 3097 esse
396 3029 604 3121 suspicatur:
625 3050 704 3097 nam
721 3027 892 3098 literarum
914 3028 1032 3098 ductus
1050 3030 1161 3121 potius
1181 3028 1275 3098 illam

170 3147 318 3213 aetatem
346 3139 490 3226 referre,
512 3163 610 3235 quam
630 3165 696 3235 qua
714 3144 878 3235 concepta
905 3163 984 3211 esse
1010 3141 1179 3211 videatur.
1200 3139 1275 3210 Ita-

168 3281 248 3352 que,
277 3279 353 3327 cum
380 3255 479 3327 buius
506 3259 736 3351 inscriptionis
777 3256 909 3339 literae,
938 3255 1104 3347 siquIdem
1130 3262 1274 3325 restau-

167 3374 296 3447 randae
323 3373 532 3458 riderentur,
560 3375 626 3442 iam
654 3395 763 3466 paene
783 3371 1010 3455 delituissent,
1032 3369 1106 3440 lieri
1125 3379 1270 3463 poterat,

167 3498 213 3570 ut,
239 3491 295 3582 qui
328 3495 551 3572 restauraret,
591 3489 802 3556 tritissimum
845 3485 963 3554 Murci
1000 3507 1143 3568 nomen,
1185 3484 1275 3579 quod

170 3624 231 3695 per
257 3600 341 3672 duas
367 3625 389 3670 a
416 3599 520 3670 scribi
547 3603 729 3693 antiquitus
769 3599 904 3670 solitum
942 3622 1022 3670 esse
1066 3599 1274 3670 Ilitscbelius

166 3715 315 3787 ostendit
342 3718 374 3786 in
401 3714 517 3785 llbello
543 3715 585 3784 de
608 3712 756 3785 IlIiliario
782 3713 959 3808 Popiliana
985 3737 1019 3808 p.
1043 3714 1102 3797 29,
1122 3716 1276 3807 pro-mi-

166 3850 229 3899 nus
259 3831 380 3899 usitato
407 3830 533 3898 ,dracoi
565 3828 709 3921 legeret.
753 3827 821 3897 Sed
860 3831 961 3897 etiam
1003 3826 1067 3896 boo
1106 3828 1274 3920 suspicari

166 3965 365 4039 possumus,
394 3945 427 4013 in
455 3950 695 4026 monumento,
724 3949 930 4034 antequam
962 3941 1102 4011 alteram
1135 3961 1272 4010 manum

166 4059 324 4143 vidisset,
353 4080 416 4154 pro
443 4061 577 4150 integro
602 4055 708 4127 Manii
733 4058 871 4127 nomine
897 4059 1061 4151 scriptum
1092 4051 1201 4126 luisse
1226 4052 1277 4124 Μ’
