2746 4530
790 251 795 265 Ι

117 527 245 596 timam.
275 525 345 595 Sed
371 547 447 595 cum
474 547 587 617 nequo
613 528 687 597 eius
714 530 765 597 rei
783 527 1004 602 condiciones
1020 536 1230 626 perspexis-

119 639 396 710 set-adnotavit
420 643 510 709 enim
538 640 579 709 ad
606 639 749 711 Festum
776 665 810 736 p.
837 643 919 733 397,
941 647 1127 739 «supprimi
1145 666 1234 741 pos-

119 773 158 822 se
185 752 299 823 theses
324 775 446 823 omnes
472 763 618 849 excepta
644 757 945 850 ultiman-neque
971 759 1154 852 prosodiae
1174 782 1235 830 an·

121 869 238 960 tiquae
264 866 371 961 probe
397 890 526 960 gnarus
553 878 661 957 esset,
695 892 801 964 saepe
832 869 950 942 facere
982 894 1050 943 non
1083 877 1232 966 poterat,

122 984 203 1073 quin
229 990 381 1053 monstra
405 1004 571 1054 versuum
598 983 793 1076 effingeret.
824 984 954 1055 Verum
991 989 1098 1079 siquis
1131 1005 1236 1075 mon-

123 1100 295 1165 strositate
322 1096 527 1184 delectatur,
557 1089 611 1168 bic
640 1097 754 1169 Caroli
782 1099 915 1170 Weisii
942 1099 1095 1170 libellum
1123 1101 1239 1194 inspi-

123 1210 190 1277 ciat
207 1207 298 1278 ulier
316 1211 542 1282 Saturniscbe
563 1212 651 1282 Vers
672 1216 717 1282 im
736 1213 915 1298 Plautus»,
932 1217 990 1306 qui
1007 1211 1097 1284 liber
1115 1213 1237 1284 eodem

124 1340 225 1403 auno,
241 1323 541 1415 qquuelleriana
557 1326 656 1422 Festi
663 1327 781 1415 editio,
797 1329 830 1398 id
849 1337 902 1398 est
915 1323 1240 1415 utucocxxxtx,

125 1432 372 1530 Quediinburgi
395 1422 567 1510 in'locem
593 1440 729 1535 prodiit.
758 1440 810 1511 Ibi
837 1444 928 1511 enim
946 1464 1015 1512 non
1034 1441 1134 1511 modo
1151 1461 1240 1509 ver-

126 1571 200 1637 sus,
240 1554 275 1621 in
318 1552 442 1645 quibus
476 1564 616 1648 praeter
651 1578 748 1626 arses
787 1579 898 1650 paene
936 1556 1022 1625 nibil
1061 1560 1239 1650 appareat,

127 1686 248 1735 verum
277 1671 374 1737 etiam
401 1678 436 1739 et
460 1671 695 1762 longiusculos
722 1680 756 1741 et
783 1671 1019 1741 breviusculos
1055 1677 1089 1738 et
1114 1669 1242 1738 decur-

129 1787 216 1849 tatos
244 1782 406 1874 quosdam
434 1788 597 1878 reperiet.
628 1782 729 1868 Quae
750 1805 826 1852 cum
853 1786 899 1853 ita
925 1789 1056 1867 essent,
1086 1783 1242 1854 Corsse-

129 1916 208 1978 uus,
237 1904 273 1965 ut
295 1893 454 1966 Muelleri
479 1898 665 1967 doctrinam
694 1899 808 1992 aliqua
825 1900 954 1967 ratione
973 1899 1240 1987 constringeret,

130 2005 388 2078 Lachmannum
415 2021 581 2107 exparte
608 2020 746 2082 secutus
773 2015 806 2081 in
833 2009 934 2097 libro,
965 2031 1066 2102 quem
1099 2010 1142 2079 de
1169 2009 1245 2079 ori-

132 2125 213 2214 gine
238 2128 356 2216 poesis
382 2124 559 2196 Romanae
597 2125 690 2212 fecit,
731 2129 876 2220 primam
917 2122 1082 2218 syllabam
1121 2123 1246 2228 prioris

133 2232 396 2312 hemistichii'et
420 2220 599 2335 utriusque
630 2244 767 2312 ultimas
802 2244 968 2336 supprimi
1004 2261 1109 2334 posse
1142 2237 1244 2325 dixit,

133 2362 269 2423 ceteras
295 2376 363 2425 non
389 2359 482 2440 item,
508 2366 544 2427 ut
569 2379 697 2427 versus
737 2363 950 2450 pentametro
990 2353 1174 2441 dactylico,
1217 2352 1248 2422 si
1349 2355 1352 2358 ’

134 2490 210 2538 cum
237 2470 347 2540 heroo
372 2480 642 2566 compararetur,
672 2471 791 2541 similis
824 2477 932 2540 esset.
968 2469 1088 2560 Neque
1120 2467 1249 2535 mirum

136 2591 202 2668 est,
231 2583 319 2676 quod
346 2589 379 2655 in
407 2593 497 2656 tanta
530 2591 694 2656 rationum
722 2593 756 2654 et
787 2590 1050 2678 praeceptorum
1076 2576 1174 2648 turba
1209 2597 1249 2646 ac

136 2701 305 2770 varietate
332 2698 552 2785 Streuberus‚
582 2704 637 2770 vir
663 2702 793 2791 ingenii
821 2720 889 2769 non
916 2697 1115 2783 mediocris,
1140 2688 1251 2762 libel-

137 2812 184 2899 lo,
213 2835 313 2907 quern
339 2813 382 2884 de
408 2815 686 2909 inscriptionibus
714 2816 877 2884 Saturniis
896 2832 985 2882 anno
1005 2809 1105 2880 huius
1121 2827 1250 2877 saecu-

139 2931 163 3001 li
190 2930 284 3001 XLV
299 2935 448 3026 scripsit,
465 2931 592 3001 nuliam
611 2933 868 3024 inscriptionem
888 2932 1060 3021 antiquam
1079 2925 1143 2995 hoc
1160 2928 1252 2993 mct-

141 3071 215 3119 rum
242 3046 410 3118 exhibere
436 3046 614 3140 probabat,
644 3069 718 3116 cum
752 3044 986 3128 Bracmanum,
1023 3038 1251 3123 Niebubrius‚

142 3161 375 3248 DuentceruS,
405 3162 461 3231 alii
488 3182 556 3230 non
583 3161 682 3230 modo
703 3159 903 3255 Scipionum
923 3158 1050 3248 elogia,
1073 3151 1253 3224 sedetiam

144 3277 248 3372 Appii
275 3276 409 3347 Claudii
434 3274 584 3345 tabulam
603 3283 637 3344 et
662 3277 896 3367 antiquissima
914 3270 1053 3341 oracula
1070 3268 1252 3358 legesque,

144 3414 288 3484 quorum
316 3397 518 3483 argumenta
544 3412 563 3459 a
589 3386 689 3460 Livio
716 3388 849 3483 prodita
881 3393 974 3471 sunt,
995 3387 1029 3453 in
1061 3378 1251 3462 Saturnios,

143 3509 173 3577 si
198 3505 251 3576 dis
276 3505 401 3600 placet,
436 3525 561 3574 versus
600 3503 762 3595 redigere
798 3523 867 3571 non
907 3497 1169 3568 dubitavissent.
1210 3487 1257 3559 Et

144 3641 230 3691 vero
258 3618 454 3710 ambigendi
483 3619 577 3688 locus
604 3624 689 3697 erat,
717 3616 794 3686 dum
822 3637 842 3686 e
867 3612 1086 3683 Liviauorum
1106 3613 1141 3676 et
1158 3602 1257 3675 Nae-

145 3738 321 3806 vianorum
350 3754 514 3804 versuum
540 3730 708 3814 frustulis,
737 3752 825 3822 quae
864 3736 899 3798 et
936 3749 955 3796 a
988 3722 1139 3793 librariis
1177 3724 1257 3787 eta

145 3852 375 3946 grammaticis
402 3851 487 3941 ipsis
514 3850 641 3918 misere
667 3851 823 3915 truncata
841 3849 875 3913 et
895 3842 1082 3935 depravata
1099 3834 1257 3929 plerum·

148 3986 214 4058 que
241 3962 282 4033 ad
310 3984 374 4034 nos
401 3969 651 4056 pervenerunt,
678 3981 802 4030 vorsus
829 3956 979 4028 Saturnii
999 3954 1182 4048 praecepta
1199 3964 1260 4038 pe·

149 4077 318 4150 tebautur.
348 4077 445 4164 Quod
473 4097 548 4146 cum
577 4097 596 4145 a
621 4075 798 4147 Friderico
823 4065 1259 4248 Bitschelio,viro1aeter-
