2746 4530
630 297 724 373 ,12

145 532 182 604 p.
200 510 256 582 -23
285 531 360 602 sqq.
381 506 664 602 Inscriptionibus
682 516 794 578 autem
812 509 892 595 illis,
913 532 999 603 quas
1024 509 1150 584 Atilius
1167 511 1265 585 For-

148 627 344 695 tunatianus
372 625 406 692 in
438 619 683 715 triumphorum
717 626 915 692 memoriam
948 621 1055 695 factas
1087 647 1168 697 esse
1200 634 1263 714 ait,

146 758 246 830 quam
273 736 367 807 nulla
393 733 551 805 habenda
577 743 673 806 esset
697 733 795 821 fides,
836 739 904 806 iam
931 760 950 806 a
977 737 1163 810 Streubem
1194 740 1263 812 de-

146 859 371 923 monstratum
399 858 453 921 est
477 872 512 943 p.
545 849 585 920 31
607 871 662 942 qq.
686 847 807 944 Neque
826 850 906 921 mihi
924 851 1061 943 obloqui
1079 854 1173 924 oordi
1191 863 1262 941 est,

145 966 207 1038 sed
233 964 296 1038 hoo
324 965 424 1051 addo,
454 973 489 1035 et
513 962 728 1035 Metellorum
761 987 968 1059 responsum
1002 976 1035 1037 et
1068 969 1262 1064 triumpha·

143 1065 258 1154 torum
278 1079 412 1150 tabulas
439 1082 574 1174 optimis
600 1077 763 1149 versibus
791 1078 957 1151 Saturniis
984 1091 1148 1176 conrepta
1164 1105 1259 1168 esse,

142 1204 317 1286 utaequa
345 1218 365 1265 a
391 1193 558 1265 Diomede
603 1215 716 1286 neque
749 1216 769 1262 a
801 1195 914 1265 Mario
940 1194 1117 1267 Victorino
1149 1218 1264 1289 neque

87 1333 88 1336 ¹
143 1306 186 1378 ab
215 1308 321 1380 Atilio
348 1309 593 1408 Fortunatiano
625 1329 738 1400 neque
767 1307 808 1377 ab
836 1308 902 1378 alio
935 1309 967 1378 id
999 1332 1112 1400 genus
1146 1315 1262 1398 serip-

143 1432 218 1495 tore
244 1423 324 1493 fieta
350 1445 430 1494 esse
455 1421 648 1492 videantur.
675 1420 762 1492 Nam
781 1422 870 1514 quod
896 1421 1106 1492 Streuberus
1124 1427 1175 1519 (p.
1200 1424 1264 1515 32)

143 1539 266 1631 partim
294 1535 509 1606 adsentiente
536 1533 656 1606 Pfavio
683 1535 733 1629 (p.
764 1535 809 1605 46
838 1534 935 1626 ado.)
970 1537 1005 1605 in
1036 1534 1165 1627 Regilli
1199 1546 1256 1607 ta-

53 1686 55 1689 *
143 1646 237 1733 huia,
266 1672 355 1742 quae
385 1656 429 1719 ita
457 1648 637 1720 sehabet:

243 1758 368 1833 Duello
394 1785 520 1856 magno
547 1762 751 1847 dirimundo,
785 1761 926 1854 regibus
957 1762 1175 1855 subigundiS,

144 1876 322 1948 bacchium
349 1876 465 1946 duello
492 1885 527 1947 et
550 1879 713 1946 creticum
739 1876 889 1945 dirimam
916 1877 1153 1971 deprehendit,
1188 1902 1262 1949 nu-

144 2001 250 2084 gatur
274 1992 375 2064 homo
402 1991 629 2063 doctissimus.
652 1992 781 2085 Nempe
800 1991 960 2079 duellam,
978 1993 1165 2075 doettotor,
1192 1994 1265 2063 ‹tu-

146 2107 270 2178 ellicus
296 2105 338 2176 ab
367 2108 613 2198 antiquissimis
641 2128 781 2200 semper
806 2130 869 2200 per
893 2130 916 2177 a
942 2130 1137 2180 consonans
1164 2110 1266 2180 dice-

146 2221 286 2304 bantur,
316 2226 351 2293 in
379 2221 569 2291 dirimendi
596 2229 707 2290 autem
740 2221 848 2292 serbo
887 2222 943 2292 dis
968 2224 1134 2316 particula
1171 2228 1264 2295 inest

143 2341 295 2430 integra,
324 2341 422 2407 ouius
449 2337 594 2421 vocalis,
622 2337 689 2407 uisi
728 2334 899 2407 abiectum
937 2343 982 2409 sit
1017 2363 1047 2424 r,
1086 2360 1263 2431 nunquam

145 2454 356 2550 producitur.
400 2451 619 2523 Metellorum
658 2459 770 2520 autem
810 2473 1013 2545 responsum
1055 2451 1264 2523 Terentiano

148 2573 346 2660 ceterisque
374 2575 483 2638 aetate
503 2569 653 2637 anteisse
672 2565 732 2636 vel
750 2566 827 2636 inde
846 2571 1066 2661 perspicuum
1084 2575 1150 2652 est,
1173 2567 1264 2658 quod

145 2687 208 2753 iam
236 2682 326 2776 apud
351 2681 540 2751 Ascanium
567 2679 754 2751 Pedianum
781 2680 907 2772 legitur
932 2679 994 2771 (ad
1020 2678 1125 2750 Verr.
1155 2688 1220 2750 act.
1249 2679 1265 2750 Ι

77 2832 80 2839 ·
143 2807 179 2866 οἱ
214 2796 272 2882 10,
303 2797 378 2886 29).
408 2793 595 2875 Praeterea
622 2796 655 2863 in
685 2791 751 2861 Vll
776 2792 944 2865 Varronis
971 2793 1013 2864 de
1040 2793 1157 2886 lingua
1183 2794 1265 2864 lati-

142 2931 188 2981 na
214 2911 267 3005 (p.
305 2911 350 2981 28
376 2908 569 3000 Muell.)e
608 2907 734 2977 Priami
767 2907 913 3001 quodam
951 2912 1102 2978 carmine
1139 2929 1264 2980 versus

143 3031 299 3096 enotatus
326 3031 458 3108 est,.ut
483 3022 632 3106 videtur,
660 3023 853 3092 Saturnius:

264 3140 407 3209 Veteres
430 3136 600 3207 Camenas
627 3157 761 3206 cascum
791 3159 870 3206 rem
896 3136 976 3207 volo
1003 3134 1142 3231 profari.

144 3253 211 3326 Sed
239 3256 397 3346 quoniam
423 3258 492 3322 tota
518 3272 574 3320 res
603 3249 785 3320 obscurior
810 3258 876 3334 est,
905 3273 1007 3343 quam
1033 3250 1075 3320 de
1102 3271 1168 3343 qua
1195 3249 1264 3318 ali-

144 3369 225 3464 quid
250 3371 335 3440 eerti
361 3368 425 3438 diei
441 3369 562 3461 possit,
592 3369 695 3437 etiam
721 3363 810 3434 huno
829 3387 967 3437 vorsum
984 3364 1106 3435 melius
1120 3367 1264 3435 missum

143 3481 321 3553 iaoiemus.
339 3480 498 3574 Denique
524 3482 631 3574 siquis
651 3478 809 3550 omnibus
827 3480 968 3550 incertis
983 3479 1137 3572 reliquiis
1164 3498 1265 3572 prae·

145 3599 314 3668 termissis
340 3600 430 3667 scire
456 3597 582 3690 cupiat,
610 3601 691 3687 quot
726 3591 868 3664 Liviana
894 3600 929 3663 et
955 3594 1130 3664 Naeviaua
1161 3589 1264 3684 frag-

146 3718 259 3783 menta
286 3709 444 3781 Saturnia
462 3709 504 3780 ad
521 3717 637 3779 nostra
655 3716 808 3802 tempora
827 3712 1064 3802 pervenerint,
1092 3714 1172 3778 sunt
1190 3704 1264 3776 iere

147 3829 380 3921 septuaginta,
401 3845 544 3916 quorum
569 3823 735 3917 pleraque
761 3822 918 3914 singulos
944 3844 1070 3893 vorsus
1096 3821 1260 3908 adiciunt,

146 3941 214 4012 alia
240 3944 343 4011 etiam
369 3947 439 4011 tres
467 3946 687 4033 quattuorve,
716 3937 783 4008 alia
810 3957 975 4008 versuum
1000 3933 1144 4008 frustula
1170 3943 1261 4007 sunt.
1348 3993 1353 4000 .

151 4056 219 4129 Sed
246 4059 401 4147 integros
431 4075 548 4125 eorum
576 4052 770 4126 versiculos
789 4059 871 4145 quot
890 4053 1106 4137 noverimus,
1127 4058 1266 4147 propter
