2746 4530
674 274 694 345 6

9 549 11 558 ,
128 507 196 579 que
221 493 337 555 tamen
363 484 426 555 hoo
455 492 511 554 aut
537 485 633 571 illud,
655 489 684 556 si
712 507 768 557 res
802 488 1001 579 postularet,
1035 487 1242 562 obstinatius

32 674 34 677 ,
128 608 295 673 tenerem.
325 599 422 684 Quae
449 599 512 671 hae
538 605 671 671 ratione
697 603 860 674 inventae
887 611 966 673 suut
990 626 1144 690 normae,
1166 607 1244 675 eis-

129 715 207 786 dem
232 739 316 786 usus
335 739 407 787 sum
438 720 471 787 iu
497 713 650 787 Liviauis
677 726 713 788 et
736 719 927 788 Naevianis
954 716 1159 810 fragmentis
1186 721 1244 790 di-

130 830 333 907 iudicandis.
364 830 450 903 Nam
476 836 776 924 grammaticorum
820 835 882 903 hac
923 837 957 904 in
982 857 1021 905 re
1056 836 1239 905 auotoritas

131 966 239 1040 prope
256 945 351 1015 nulla
371 953 437 1031 est,
458 950 661 1039 praesertim
688 968 763 1016 cum
781 949 897 1041 poesis
923 946 1100 1018 Saturniae
1119 970 1246 1017 monu-

131 1069 262 1145 menta,
289 1069 470 1156 postquam
489 1062 641 1153 lectitari
659 1070 693 1132 et
711 1065 829 1154 pueris
849 1062 967 1132 dictari
987 1061 1094 1132 desita
1114 1069 1244 1146 essent,

132 1183 337 1273 postremum
351 1184 419 1247 tam
434 1175 613 1247 rarefacta
628 1178 708 1262 sint,
724 1185 762 1246 ut
775 1199 882 1272 prope
898 1178 981 1247 nulli
1006 1197 1138 1260 eorum,
1156 1198 1248 1269 quo-

136 1312 208 1363 rum
236 1312 342 1384 opera
369 1291 411 1361 ad
439 1314 501 1362 nos
526 1295 784 1386 pervenissent,
813 1293 870 1361 illa
897 1295 932 1362 in
967 1290 1123 1361 manibus
1141 1289 1250 1361 luisse

137 1404 297 1474 auderem
325 1405 448 1481 dicere.

185 1517 327 1590 Servius
354 1520 488 1612 quidem
517 1521 559 1591 ad
588 1519 676 1590 Aen.
698 1518 765 1605 lll,
788 1517 831 1588 10
852 1518 940 1589 Belli
958 1518 1076 1588 Punici
1096 1509 1252 1588 Naevia-

135 1634 170 1707 ni
198 1639 370 1704 mentione
396 1633 485 1705 facta
511 1635 575 1705 huc
602 1635 708 1709 addit:
742 1634 858 1705 «itliun
885 1634 1021 1725 tradunt
1038 1633 1102 1702 hoc
1120 1635 1155 1701 iu
1172 1634 1251 1725 pri-

136 1767 192 1816 mo
219 1746 357 1817 dietum:
387 1747 511 1819 Troiae
549 1753 606 1842 qui
644 1752 780 1844 primus
819 1748 862 1820 ab
902 1751 1009 1819 oris».
1054 1746 1181 1828 Ceteri,
1223 1747 1252 1814 si

137 1861 259 1931 eadem
286 1861 351 1931 lide
378 1871 494 1934 essent
535 1887 575 1934 aa
601 1864 828 1959 simplicitate,
854 1886 923 1933 non
947 1863 1077 1946 dubito,
1095 1859 1255 1952 quinhoo

138 1975 296 2046 tradendi
322 1976 430 2052 verbo
457 1981 561 2047 etiam
588 1980 623 2047 in
650 2000 689 2048 se
716 1981 799 2048 satis
827 1999 933 2072 saepe
951 1979 1005 2046 usi
1023 1982 1155 2049 essent.
1176 1993 1253 2041 cum

140 2085 183 2158 de
209 2110 315 2159 uersu
340 2091 499 2160 Saturnio
526 2092 759 2183 loquerentur.
791 2092 924 2162 Deinde
959 2088 1071 2158 Aulus
1105 2084 1253 2169 Gellius,

143 2203 199 2294 qui
225 2202 268 2273 de
294 2226 401 2274 versu
428 2205 585 2276 Saturnio
623 2229 692 2277 non
733 2210 883 2302 scripsit,
922 2205 982 2276 sed
1020 2203 1120 2272 huius
1158 2201 1257 2270 metri

145 2319 304 2412 exempla
332 2320 462 2413 aliquot
480 2326 648 2406 servavit,
669 2320 758 2391 Livii
776 2320 913 2414 quidem
940 2317 1130 2387 Andronici
1148 2312 1256 2384 Odis-

142 2433 227 2504 siam
261 2455 300 2504 se
332 2433 465 2505 vidisse
497 2445 592 2506 certe
625 2444 768 2506 testatur
794 2432 943 2524 (XVlll,
979 2433 1013 2517 9,
1050 2432 1100 2523 5),
1134 2427 1260 2498 Naevii

144 2554 257 2617 numm
286 2547 419 2618 Bellum
445 2549 608 2622 Punicum
628 2574 707 2621 num
728 2551 914 2641 diligenter
932 2549 1069 2638 legerit,
1091 2566 1175 2614 saue
1202 2541 1260 2611 di-

148 2667 296 2762 sceptari
322 2671 447 2759 potest.
478 2666 564 2738 Nam
590 2688 703 2759 neque
728 2666 833 2735 ullum
861 2668 935 2734 eius
961 2663 1130 2757 poematis
1158 2657 1261 2748 irog-

149 2785 300 2847 meutum
327 2778 513 2864 adnotavit,
540 2780 630 2850 unde
656 2778 809 2875 profecto
834 2779 958 2848 multas
975 2797 1083 2846 voces
1103 2774 1261 2864 antiquas

146 2913 269 2963 eruere
295 2903 428 2988 poterat
453 2896 554 2966 homo
581 2899 789 2988 antiquitatis
808 2893 1077 2982 amantissimus
1102 2887 1161 2958 sed
1178 2893 1264 2955 tan-

143 3013 217 3076 tum
250 3008 385 3100 singula
412 3009 533 3093 verba,
563 3033 651 3101 quae
684 3009 821 3079 aliunde
853 3028 991 3078 sumere
1025 3010 1160 3098 poterat
1193 3003 1260 3093 (V,

152 3119 211 3206 12,
241 3122 277 3207 73
306 3125 408 3215 capit.
439 3121 533 3208 Vlll,
564 3122 642 3214 14),
663 3130 709 3207 ct,
730 3145 804 3191 eum
822 3119 946 3191 Naevii
964 3120 1160 3188 testimonio
1178 3136 1264 3210 opus

147 3244 254 3322 esset,
285 3243 330 3307 ita
357 3237 554 3309 adscribere
582 3246 720 3309 coactus
748 3245 803 3308 est
829 3232 961 3327 (XVII,
989 3231 1048 3316 21,
1070 3231 1149 3321 45);
1176 3233 1263 3301 «Cu.

149 3348 302 3423 Naevius
327 3359 582 3447 poeta-quem
612 3352 660 3423 iti.
681 3351 795 3422 Varro
822 3354 856 3419 in
882 3348 981 3419 libris
995 3346 1042 3415 de
1060 3345 1173 3439 poetis
1191 3344 1268 3435 pri·

150 3487 206 3542 mo
232 3468 402 3560 stipendia
428 3464 557 3543 feoisse
586 3470 633 3537 ait
658 3466 750 3537 bello
776 3465 929 3535 Poenico
954 3460 1065 3554 primo
1090 3455 1192 3549 idque
1209 3457 1270 3549 ip-

151 3603 224 3652 sum
239 3578 409 3651 Naevium
431 3582 547 3650 dicere
566 3583 600 3651 in
622 3604 664 3651 eo
683 3582 849 3663 carmine,
871 3575 959 3674 quod
977 3574 1020 3645 de
1037 3572 1160 3643 eodem
1177 3568 1269 3641 bello

151 3698 322 3789 scripsit».
351 3691 473 3788 Neque
502 3696 601 3767 aliter
630 3694 870 3790 explicandum
898 3696 953 3762 est
977 3687 1074 3759 Atilii
1091 3685 1271 3757 Fortune-

151 3811 234 3882 tIani
261 3809 447 3896 fastidium,
480 3832 556 3880 oum
581 3810 675 3895 dicit,
697 3832 735 3881 se
762 3807 851 3902 apud
880 3804 1049 3877 Naevium
1074 3802 1148 3884 vix,
1163 3798 1271 3869 ullum

153 3929 314 4014 iuvenire
346 3929 501 4021 potuisse
528 3926 752 4010 versiculum,
782 3943 882 4016 quem
917 3939 976 4011 pro
1010 3914 1171 4009 exemplo
1203 3933 1272 4007 po·

197 4050 267 4113 ret.
296 4040 460 4112 Mentitur
485 4041 588 4113 linmo
615 4047 749 4136 aperte:
779 4040 836 4132 qui
862 4037 893 4106 si
918 4031 1088 4104 Naevium
1120 4046 1273 4122 uuquam
