2746 4530
659 244 755 365 ιι

125 513 159 580 in
195 508 491 579 Scandinavorum
521 514 556 578 et
574 503 839 607 antiquissimis.
864 490 1241 577 Germanorum‘ver-

126 623 221 696 sibus
248 621 383 713 singula
417 620 561 715 plurave
599 621 706 692 verba
744 622 923 712 utriusque
961 618 1172 690 hemistichii
1199 619 1242 691 ab

126 738 252 808 eadem
288 736 387 806 litera
424 739 602 829 incipiunt,
645 739 679 806 in
716 734 971 827 Nibelungiode
1009 757 1097 806 vero
1142 737 1244 808 aliis-

126 874 193 945 que
219 851 376 922 eiusdem
402 849 477 920 lere
506 855 630 920 aetatis
658 859 715 920 aut
740 853 941 946 posterioris
980 858 1014 920 et
1046 850 1243 943 Anglorum

126 968 298 1059 poematis
325 967 459 1034 ictuum
484 986 655 1037 numerus
681 987 749 1036 nou
784 965 875 1036 idem
913 974 968 1052 est
1001 965 1246 1039 accedentibus

127 1080 237 1147 etiam
264 1076 523 1161 homoteleutis,
563 1080 597 1148 in
631 1077 826 1149 Slavorumr
851 1082 1019 1148 trimetris
1051 1078 1247 1173 duplicibus

128 1200 163 1263 et
187 1193 266 1262 alibi
292 1191 435 1262 disticha
463 1190 711 1263 homoteleutis
738 1193 956 1264 distinentur.
1000 1194 1087 1262 llam
1114 1193 1250 1264 bomo·-

127 1306 256 1378 telenta
280 1327 352 1376 nou
376 1309 535 1396 iungunt,
565 1307 627 1376 sed
654 1306 822 1394 dividunt,
851 1328 931 1374 cum
963 1327 1110 1376 versum
1137 1305 1250 1377 abso-

127 1420 237 1491 lutum
265 1442 345 1491 esse
372 1418 582 1511 significent.
612 1418 741 1507 Quare,
771 1420 994 1512 simulatque
1019 1443 1144 1490 versus
1177 1421 1252 1492 du-

128 1538 226 1630 plicis
254 1539 428 1606 memoria
456 1524 623 1620 abolevit,
651 1543 690 1605 ut
708 1535 919 1607 duoversus
937 1557 1018 1606 esse
1044 1537 1248 1622 videantur,

128 1660 202 1721 tum
229 1651 373 1720 demum
400 1649 640 1721 homoteleuta
665 1654 700 1720 in
727 1671 911 1722 caesuram
939 1655 1135 1744 irrumpunt
1159 1660 1195 1723 et
1212 1650 1254 1722 bt.

128 1765 314 1850 interdum,
343 1772 380 1833 ut
406 1768 493 1834 inter
519 1787 558 1836 se
584 1767 874 1859 permisceantur,
903 1765 935 1834 id
962 1765 1051 1858 quod
1078 1768 1111 1836 in
1138 1765 1251 1860 bym-

129 1883 183 1949 nis
211 1878 484 1949 Christianorum
512 1878 600 1949 haud
626 1901 746 1947 rarum
773 1886 838 1949 est.
867 1877 915 1948 lta
942 1887 1060 1973 ruptus
1079 1887 1134 1951 est
1149 1881 1253 1949 iam·-

128 1989 224 2062 bicus
251 1994 466 2085 septenarius
493 1996 530 2061 in
555 1991 620 2062 hoo
645 1991 787 2085 hymno:

179 2139 365 2232 Quousque
391 2148 426 2209 tu
452 2163 512 2210 me
538 2141 688 2231 negligis
750 2140 921 2210 Extrema
940 2142 1010 2208 iam
1036 2138 1253 2209 timentem?

150 2300 152 2304 .
180 2241 363 2330 Quousque
389 2245 423 2306 tu
453 2260 512 2307 me
539 2238 689 2331 despicis
756 2235 880 2335 Vultus
907 2243 983 2306 tuos
1011 2234 1209 2328 petentem?

129 2388 366 2460 Romanorum
393 2398 510 2458 autem
537 2391 689 2459 trimeter
715 2388 851 2482 duplex,
872 2409 977 2479 quem
996 2386 1158 2457 dixerunt
1176 2387 1255 2459 Sa-

87 2507 101 2517 '
131 2506 292 2588 torulum,
321 2505 468 2573 cumin
496 2505 619 2596 priscis
646 2500 859 2572 carminibus
887 2502 1068 2570 anacrusis
1096 2501 1154 2570 vel
1183 2501 1251 2572 ad-

131 2617 199 2687 dita
225 2625 320 2687 esset
344 2618 403 2688 vel
428 2638 497 2686 uon
527 2617 652 2701 addita,
681 2619 799 2685 nescio
833 2615 968 2705 quaudo
1000 2617 1047 2682 ita
1073 2617 1255 2685 constitu--

130 2739 185 2801 tus
211 2738 277 2814 est,
305 2740 342 2801 ut
367 2735 471 2826 priori
497 2730 716 2802 hemistichio
743 2732 923 2799 anaorusis
958 2730 1152 2816 accederet,
1180 2751 1256 2823 po-

131 2849 269 2915 steriori
295 2867 363 2915 non
391 2849 487 2916 item.
518 2844 591 2917 lloc
618 2853 652 2915 et
677 2843 837 2936 exempla
856 2842 1040 2913 ostendunt
1057 2850 1092 2911 et
1108 2841 1254 2915 Tereu-

132 2966 246 3033 tianus
274 2961 373 3032 docet
398 2969 432 3030 et
456 2964 542 3030 ratio
569 2960 767 3053 persuadet.
797 2957 860 3029 Est
887 2978 971 3028 sane
1004 2955 1093 3026 Livii
1126 2962 1256 3029 versi-

132 3074 242 3159 culus,
272 3080 328 3167 qui
356 3078 390 3144 in
416 3074 584 3149 Prisciani
611 3072 787 3144 codicibus
813 3069 887 3141 iere
915 3074 964 3140 sic
992 3074 1129 3160 legitur:

206 3222 390 3294 Nexebant
416 3223 527 3292 multo
554 3227 643 3294 inter
670 3245 707 3293 se
734 3220 832 3290 flexu
860 3219 1026 3290 nodorum
1053 3217 1168 3289 dubio.

135 3369 203 3440 Sed
229 3371 309 3440 rnibi
334 3369 473 3442 uidetur
496 3370 686 3464 legendum
713 3391 793 3439 esse
820 3369 944 3457 sterce
962 3367 1079 3436 ultima
1098 3366 1258 3461 produc*

134 3495 180 3570 ta,
201 3491 238 3553 ut
261 3487 296 3554 in
323 3506 379 3572 eo,
401 3486 488 3578 quod
509 3508 613 3580 supra
631 3487 696 3571 est,
716 3484 844 3554 ordina
858 3487 1050 3573 ponuntur,
1071 3502 1138 3573 quo
1165 3478 1255 3552 facto

133 3619 204 3669 vox
231 3597 335 3669 dubio
363 3601 399 3668 in
427 3608 628 3693 sequentem
656 3620 800 3669 versum
827 3593 996 3666 transibit.
1040 3594 1106 3665 Sed
1146 3598 1255 3667 etiam

137 3713 208 3782 alia
230 3720 309 3784 sunt
333 3714 506 3784 eiusmodi
534 3712 747 3803 fragmenta,
774 3724 864 3803 quae
888 3716 1029 3804 propter
1055 3708 1141 3780 alias
1168 3732 1258 3780 cor-

34 3838 37 3846 ‘
136 3824 301 3911 ruplelos,
329 3826 453 3918 quibus
495 3825 628 3898 foedata
669 3833 759 3909 sunt,
806 3843 896 3893 nunc
935 3823 1075 3914 quidem
1113 3823 1258 3894 silentio

137 3930 422 4025 praeteribimus.
453 3939 548 4025 Quae
576 3944 677 4010 etiam
705 3942 733 4009 si
760 3939 858 4033 plura
885 3945 1005 4008 essent
1030 3943 1064 4006 et
1081 3936 1253 4006 emenda·

135 4048 236 4131 tiora‚
264 4068 371 4138 quam
400 4062 491 4138 suut,
515 4063 634 4125 tamen
660 4052 808 4122 dubitari
834 4071 903 4120 non
919 4057 1056 4144 posset,
1073 4053 1154 4142 quin
1172 4047 1254 4121 Το-
