2746 4530
656 271 703 344 84

125 491 291 561 rationem
318 486 525 582 producitur,
553 483 675 567 thesis,
701 503 791 575 quae
817 480 1051 575 subsequitur,
1080 488 1156 557 sine
1173 486 1233 558 ol-

124 602 283 676 lensione
309 602 482 671 omittitur.
511 595 619 691 Atqui
644 600 680 669 in
703 595 833 667 Horatii
857 598 928 667 Sat.
944 597 972 683 1,
991 602 1025 683 3,
1043 599 1062 669 ‘l
1081 603 1116 670 io
1130 600 1235 670 Rac-

124 716 193 789 cbe‘
215 719 304 800 sive,
334 713 423 810 quod
447 716 481 784 in
507 713 622 786 multis
648 710 746 783 libris
773 717 1028 806 scriptumest,
1062 713 1234 786 Baccboe

127 834 211 906 nihil
236 833 326 904 aliud
351 853 433 903 esse
457 839 569 924 potest
602 832 670 901 nisi
700 830 880 900 vocativus
911 827 1038 900 Bucchi
1069 833 1232 903 nominis.

128 948 183 1020 Ac
208 951 327 1019 nescio
355 970 398 1018 an
423 967 493 1018 non
517 954 645 1019 temere
684 945 845 1038 scriptum
884 945 928 1015 sit
964 943 1134 1014 Boccboe
1172 967 1237 1041 pro

126 1062 262 1134 Bacche
288 1071 324 1134 et
348 1065 385 1133 in
410 1083 480 1132 nou
508 1060 610 1133 nullis
646 1059 814 1130 Prisciani
845 1058 1021 1130 codicibus
1053 1059 1240 1150 tantiae,

126 1177 237 1269 filiae,
263 1176 394 1248 scilicet
418 1184 463 1250 ut.
479 1174 609 1245 vocalis
636 1171 813 1265 longitudo
833 1170 1096 1263 significaretur.
1116 1171 1240 1269 Neque

126 1291 217 1388 apud
243 1287 395 1361 Graecos
420 1289 544 1360 desunt
568 1311 709 1374 versus,
730 1288 843 1381 qualis
862 1294 914 1357 cst
930 1286 971 1357 ll.
991 1286 1087 1373 XIX,
1109 1288 1195 1361 400:

211 1434 323 1510 Ξάνθε
339 1463 376 1509 τε
402 1439 453 1508 καὶ
477 1435 591 1534 Bato,
617 1436 800 1534 rqldxlora
824 1438 921 1507 τέκνα
946 1432 1131 1534 Ποδάργης.

126 1588 166 1660 ln
190 1588 352 1661 Indorum
379 1598 490 1659 autem
517 1591 654 1682 antiqua
680 1589 795 1676 lingua
822 1611 892 1660 non
919 1589 1013 1660 modo
1039 1594 1053 1658 i
1077 1598 1111 1661 et
1128 1613 1151 1659 u
1169 1610 1237 1661 ex·

126 1718 237 1780 trema
262 1712 297 1780 in
322 1708 470 1780 vocandi
496 1730 580 1778 casu
607 1711 643 1778 in
661 1707 892 1802 diphthongos
912 1713 1095 1792 mutantur,
1116 1728 1238 1778 verum

128 1827 231 1895 etiam
256 1847 280 1893 a
305 1822 427 1908 breve,
456 1846 475 1893 a
502 1845 570 1916 quo
595 1823 677 1892 illud
715 1846 736 1891 e
768 1823 908 1892 latinum
947 1827 1056 1892 ortum
1095 1829 1161 1906 est,
1200 1824 1236 1893 in

128 1941 319 2009 trimatram
344 1938 403 2009 vel
427 1939 587 2032 τρίσημον
615 1937 783 2007 interdum
810 1934 1019 2030 producitur.
1055 1933 1121 2020 Qui
1153 1957 1237 2006 usus

128 2051 296 2145 quomodo
334 2048 492 2121 delinitus
532 2052 586 2133 sit,
618 2049 696 2120 vide
722 2052 756 2119 in
794 2046 917 2145 Boppii
952 2048 1053 2133 libro,
1095 2053 1151 2142 qui
1177 2052 1237 2120 in-

129 2169 274 2260 scriptus
301 2173 354 2236 est
382 2162 573 2236 «Kritiscbe
600 2161 811 2235 Grammatik
833 2165 895 2234 der
928 2163 1236 2259 Sanskritspracbc

128 2283 163 2350 in
197 2280 368 2351 kiirnerer
393 2281 590 2372 Fassung»,
619 2278 710 2364 §15
736 2278 791 2370 b).
824 2277 920 2364 Quae
946 2301 1023 2349 cum
1048 2283 1093 2351 ita
1118 2282 1237 2363 sinte

129 2396 275 2482 literam,
302 2418 368 2488 qua
401 2398 581 2467 vocativus
614 2399 826 2482 terminetur,
868 2395 1035 2490 siquando
1074 2397 1238 2491 producta

131 2513 186 2595 sit,
216 2531 285 2580 non
310 2512 392 2595 ictu,
422 2510 483 2580 sed
507 2517 545 2580 ut
570 2514 676 2582 etiam
709 2533 786 2596 nos,
828 2533 1019 2605 quanquam
1057 2512 1238 2605 longarum

133 2631 167 2694 et
191 2623 353 2695 brevium
378 2624 601 2696 differentiam
628 2647 768 2719 prorsus
795 2627 1025 2710 amiserimus,
1055 2627 1186 2720 siquem
1220 2647 1240 2696 e

134 2740 321 2832 longinquo
347 2739 579 2834 adloquamur,
609 2744 644 2811 in
675 2741 791 2812 ultima
831 2763 901 2812 non
939 2742 1038 2813 modo
1076 2743 1239 2825 vocativi,

133 2854 193 2926 scd
220 2853 404 2925 cuiuslibet
427 2858 525 2926 vocis
552 2852 688 2945 syllaba
714 2855 773 2926 vel
798 2863 897 2925 extra
927 2860 1103 2925 accentum
1129 2856 1241 2950 posita

132 2970 257 3040 diutius
284 2991 468 3052 moremur,
497 2972 545 3039 ito
573 2970 768 3064 productam
794 2993 874 3041 esse
902 2972 1073 3040 existimo.

179 3082 359 3154 Vocalium
399 3085 433 3152 in
463 3083 598 3178 'mediis
637 3084 781 3156 vocibus
819 3088 955 3177 antiqua
994 3085 1242 3156 consuetudine

132 3199 373 3295 productorum
400 3197 547 3269 vidimus
573 3200 735 3294 exempla
761 3200 837 3286 duo,
863 3205 918 3269 oir
956 3208 990 3270 ct
1025 3198 1138 3271 bomo.
1179 3200 1244 3273 nst

133 3321 245 3383 autem
270 3319 450 3406 praeterea
476 3315 510 3382 in
536 3335 643 3384 versu
670 3315 829 3385 Saturnio
862 3313 1080 3407 longitudinis
1112 3336 1238 3409 genus,

132 3426 221 3523 quod
247 3448 370 3497 arrreoe
391 3448 478 3521 quae
496 3428 617 3498 dicitur
635 3431 754 3500 aetatis
771 3431 880 3524 poetis
896 3451 1097 3503 concessum
1112 3433 1240 3502 existi-

133 3548 257 3626 matur,
286 3543 526 3635 antiquissimis
552 3544 752 3637 plerumque
784 3567 853 3616 non
886 3548 978 3616 item.
1014 3546 1097 3618 Dico
1129 3554 1239 3619 mutus

133 3677 207 3726 cum
234 3656 367 3750 liquidis
394 3652 605 3744 coniunctas,
632 3680 773 3753 quarum
807 3662 875 3730 vim
915 3663 949 3731 in
986 3660 1039 3732 bis
1080 3659 1240 3734 versibus

135 3792 301 3862 agnosco,
329 3771 432 3843 altero
456 3768 589 3860 Naevii,
617 3773 724 3845 altero
750 3773 847 3846 bivii:

182 3918 323 3991 Flentes
350 3920 486 4007 ambae,
503 3920 669 3994 abeuntes
776 3924 936 3995 lacrumis
962 3947 1042 3995 com
1069 3923 1194 3994 multis.

184 4014 374 4111 (tonosque
399 4023 489 4091 ocris
516 4033 667 4113 arvaque
775 4025 890 4116 putria
908 4029 1049 4092 etmare
1064 4041 1240 4113 magnum.
