2746 4530
640 266 685 338 22

122 485 221 548 erant
245 477 312 548 duo
337 475 502 547 versiculi
537 475 698 562 dimetri,
718 479 843 573 quibus
869 485 1025 553 trimeter
1056 483 1233 554 adiunctus

123 600 177 663 est
206 591 247 662 ad
278 590 343 660 boc
367 590 577 683 exemplum:

336 721 481 792 Vesaeii
507 721 631 791 madbr
729 722 782 794 ok
808 726 889 796 iilur
914 725 1014 821 skapi

336 817 443 888 Hiaer
470 828 504 888 at
533 815 597 889 bvi
621 821 737 902 vetuo,

8 946 13 954 ’
124 952 170 1021 ita
196 950 251 1020 hic
276 971 402 1021 versus
429 957 640 1030 tetrameter,
669 953 744 1021 sive
772 956 883 1045 potius
910 957 1151 1048 quaternarios
1181 954 1237 1024 di-

125 1065 254 1156 cendus
281 1071 346 1147 est,
376 1067 478 1134 etiam
517 1086 593 1134 cum
633 1059 787 1136 trimetro
813 1071 976 1163 componi
1003 1072 1239 1163 potcst,cuius
1275 1159 1284 1168 '

126 1177 227 1245 metri
266 1174 472 1268 exemplum
498 1197 517 1245 e
543 1171 748 1269 Nibeluugis
773 1200 959 1273 ponamus:

199 1323 272 1396 Uns
299 1330 345 1395 ist
371 1329 405 1394 iu
429 1325 521 1396 alten
547 1329 692 1413 maerim
767 1329 935 1400 winders
959 1329 1011 1400 vil
1035 1299 1163 1422 geseit.

126 1472 288 1547 Eandem
314 1475 489 1565 originem
516 1475 631 1568 prodit
648 1473 847 1568 Anglorum
874 1499 999 1548 versus
1014 1481 1148 1574 opicus,
1170 1481 1252 1572 qui,

117 1605 326 1680 quanquam
352 1588 387 1656 in
414 1587 502 1657 duos
530 1610 656 1660 versus
694 1611 784 1660 nunc
819 1591 1028 1685 plerumque
1065 1590 1240 1680 dividitur,

128 1700 190 1774 sed
217 1698 390 1793 quomodo
430 1703 473 1770 sit
510 1702 730 1787 dividendos,
771 1703 1011 1776 homoteleuta
1051 1705 1239 1776 declarant.

129 1815 236 1886 Cuius
263 1816 366 1885 metri
394 1815 462 1886 duo
488 1818 655 1911 exempla
693 1839 868 1912 ponemus
907 1841 952 1889 ex
979 1823 1117 1913 antiquo
1153 1842 1244 1915 poe-

129 1938 234 2012 mate,
261 1931 351 2023 qund
377 1939 432 2001 est
455 1931 497 2002 de
525 1937 597 2001 vita
623 1931 767 2003 Roberti
796 1933 838 2004 de
868 1932 1082 2005 Glaucester:

224 2077 358 2152 Giiben
382 2103 458 2151 was
500 2081 653 2153 Thomas
680 2079 777 2170 faider
802 2086 922 2168 name,
964 2081 1034 2167 that
1063 2085 1141 2152 truie
1167 2086 1244 2154 was

136 2297 139 2300 ’
225 2271 306 2343 And
332 2273 456 2345 lovede
483 2272 556 2345 Goo
584 2275 649 2346 aud
675 2274 742 2346 hoii
768 2274 933 2362 chirche,
957 2178 1156 2442 εἳΞΙῗῑΙιῗΞιέ
1184 2279 1246 2346 wit

947 2395 992 2442 un
1019 2394 1074 2442 ers
1136 2426 1143 2440 .

126 2501 170 2573 Et
195 2520 327 2588 rursus:

177 2612 181 2620 ¹
228 2631 274 2704 Hi
300 2634 366 2703 and
392 2634 491 2705 other
518 2632 675 2704 Obsisten
703 2634 800 2716 men,
818 2632 900 2702 'and
925 2635 959 2702 in
986 2631 1069 2721 long
1099 2632 1246 2796 {risoun
1286 2612 1287 2615 ¹

1093 2729 1147 2797 io

138 2865 141 2868 <
230 2826 280 2896 'ln
312 2833 469 2898 meseise
509 2827 575 2897 aud
599 2830 634 2896 in
659 2827 754 2920 piue
791 2823 931 2918 ynough
958 2824 996 2893 of
1018 2824 1155 2914 hunger
1181 2822 1247 2893 and

942 2921 1033 2992 chile
1058 2921 1144 2991 also.

129 3075 254 3169 Neque
295 3074 393 3144 aliter
431 3080 525 3144 ortus
570 3092 651 3142 esse
689 3071 827 3142 videtur
864 3069 1082 3141 Graecorum
1120 3090 1247 3139 versus

129 3189 303 3273 πολιτικὸς,
331 3190 388 3280 qui
420 3209 508 3256 cum·
527 3193 664 3279 septem
698 3188 785 3255 ictos
813 3185 855 3255 ad
895 3182 1087 3255 iambicum
1113 3204 1248 3253 nume-

130 3329 210 3377 rum
237 3304 421 3397 dispositos
447 3299 639 3384 habuisset,
671 3307 892 3393 postremum
919 3320 962 3368 eo
985 3298 1144 3368 licentiae
1162 3317 1249 3391 pro,-

130 3430 275 3513 gressus
299 3425 364 3498 est,
400 3423 436 3485 ut
475 3422 613 3509 praeter
650 3411 864 3506 syliabarum
892 3418 1025 3482 certum
1057 3430 1250 3480 numerum

132 3532 235 3604 etad
262 3539 462 3604 extremum
488 3529 576 3600 duos
602 3526 782 3599 trochaeos
810 3525 908 3609 nibil,
937 3523 1027 3616 quod
1054 3543 1180 3592 versus
1205 3524 1250 3593 si·

27 3642 30 3648 ’
132 3649 216 3718 mile
239 3654 345 3732 esset,
375 3667 443 3716 uon
470 3665 652 3736 nunquam
676 3640 884 3713 ostenderet
912 3639 1020 3711 Cuius
1053 3636 1145 3708 modi
1167 3657 1249 3708 ver·

130 3782 190 3833 sus
218 3760 379 3852 leguntur
405 3759 440 3827 iu
467 3758 596 3842 anuali,
626 3760 683 3850 qui
709 3753 905 3826 inscribitur
932 3748 1075 3847 Χρονικὰ
1107 3755 1175 3819 τῶν
1212 3749 1247 3819 ἐν

126 3870 308 3968 Ῥωμανίᾳῑ

228 4017 471 4117 Παρελθόντων
490 4020 553 4115 γὰρ
572 4018 687 4090 ἑκατὸν
705 4024 772 4086 τῶν
790 4016 922 4112 χρόνων
941 4013 1182 4108 subrepentium
