2746 4530
674 240 718 311 10

141 456 302 543 spectum
330 453 437 520 venit.
467 452 559 521 Sane
587 451 787 545 suspitionis
814 448 859 519 ibi
884 450 997 520 locum
1022 473 1103 523 esse
1120 473 1254 545 negare

142 582 210 632 non
238 585 394 656 possum,
424 564 485 634 sed
513 563 576 635 boe
609 586 685 652 ,non
713 562 986 634 obliviscendum
1013 587 1094 637 esse
1126 568 1255 636 existi-

142 697 209 764 mo,
236 681 300 748 tria
325 679 384 749 illa
412 679 604 771 fragmenta
630 680 734 750 multo
761 679 882 750 melius
915 702 954 750 se
979 678 1123 766 habere,
1152 702 1253 774 quam

142 792 208 883 ipsi
232 790 389 864 Merulae
414 797 492 864 visa
518 797 600 880 sint,
628 816 742 886 neque
766 815 844 863 cum
871 796 946 865 eius
972 794 1148 866 schemate
1165 816 1256 865 con-

142 908 277 987 venire,
305 915 406 999 atque
433 908 543 980 sicubi
579 909 792 1003 corruptelas
830 909 1026 995 ostendant,
1056 931 1116 979 eas
1153 913 1255 979 eius-

143 1018 233 1088 modi
259 1042 354 1106 esse,
383 1044 471 1114 quae
496 1043 605 1115 prope
630 1022 724 1093 nullo
755 1029 895 1115 negotio
926 1025 1101 1108 tollantur,
1143 1044 1257 1116 neque

143 1141 258 1204 tamen
285 1137 326 1206 iis
354 1136 502 1216 auxiliis,
531 1159 620 1229 quae
646 1135 801 1208 Merulae
828 1138 1041 1232 temporibus
1067 1146 1148 1208 nota
1174 1136 1258 1208 lue-

144 1249 224 1321 rint.
254 1247 322 1320 Sed
348 1254 498 1323 maxime
525 1232 712 1322 memoratu
740 1253 879 1344 dignum
905 1261 960 1324 est
983 1261 1144 1347 quattuor
1167 1273 1258 1322 ver-

146 1361 330 1434 siculorum
358 1362 601 1456 fragmentum,
628 1367 725 1459 quod
758 1367 798 1437 ad
830 1370 969 1437 tertium
1008 1367 1100 1452 Belli,
1140 1366 1260 1437 Punici

146 1473 265 1546 librum
294 1489 509 1550 accensetur:

161 1665 168 1676 '
256 1665 312 1734 Sic
337 1664 466 1737 Poenei
492 1669 759 1738 contremiscunt
784 1664 928 1753 artibus3
956 1668 1158 1738 universum

255 1759 396 1854 Magnei
422 1771 533 1834 metus
560 1764 721 1833 tumultus
745 1770 889 1858 pectora
914 1763 1081 1857 possidet3

255 1859 405 1930 ansum
431 1859 552 1930 lunera
581 1863 724 1951 agitant,
753 1864 937 1953 exsequias
966 1864 1075 1930 ititant

189 1971 192 1974 ‘
256 1954 574 2049 Temulentiamque
602 1957 723 2028 tollunt
747 1956 881 2027 testam.

151 2139 304 2234 Quorum
323 2147 462 2237 *primus
502 2144 709 2228 versiculuS,
751 2144 809 2234 qui
848 2139 929 2212 alibi
966 2163 1035 2211 non
1074 2142 1260 2223 invenitur,

152 2255 330 2328 levissima
358 2257 598 2329 emendatione
624 2257 666 2328 ab
696 2258 802 2328 altero
829 2256 1017 2340 divellitur,
1053 2277 1096 2324 ne
1136 2249 1263 2322 sensns

151 2379 272 2441 contra
306 2372 486 2442 Saturniae
509 2377 630 2469 poesis
657 2372 803 2443 indolem
832 2369 874 2440 ab
902 2368 1160 2440 antecendentis
1177 2387 1266 2434 ver-

55 2535 64 2545 ι
153 2507 214 2557 sus
241 2490 336 2558 exitu
363 2490 398 2556 in
426 2497 627 2580 sequentem
654 2497 721 2558 tam
745 2510 869 2582 aspere
896 2483 1136 2556 transferatur:
1163 2480 1266 2571 idque

151 2597 324 2671 Merulam
365 2623 432 2671 non
460 2601 562 2693 fugit,
598 2602 660 2671 sed
694 2600 983 2690 emendationem,
1024 2605 1060 2668 ut
1091 2616 1154 2667 suo
1189 2594 1267 2663 loeo

152 2715 361 2802 videbimuS,
389 2738 501 2809 usque
514 2717 556 2786 ad
569 2713 676 2786 lmem
701 2716 891 2811 perducere
908 2735 1021 2805 neque
1040 2718 1181 2782 conatus
1199 2715 1265 2792 est,

153 2851 228 2901 cum
256 2833 332 2900 eius
359 2836 457 2901 metri
476 2831 573 2924 leges
591 2835 780 2922 ignoraret,
800 2852 928 2922 neque,
950 2832 978 2898 si
997 2833 1138 2896 conatus
1158 2829 1265 2906 esset,

152 2951 190 3014 ut
214 2953 282 3015 tum
311 2924 469 3015 doctrina*
487 2954 576 3031 erat,
606 2949 783 3039 potuisset.
811 2943 989 3014 Secundus
1015 2948 1129 3012 autem
1148 2936 1269 3009 versi-

153 3058 251 3130 culus
278 3060 380 3129 etiam
407 3081 426 3128 a
451 3058 561 3130 Nonio
588 3068 815 3131 conservatus
849 3066 904 3129 est
935 3057 981 3142 (s.
1016 3078 1052 3126 v.
1087 3061 1198 3126 metus
1231 3073 1265 3144 p.

154 3171 225 3243 214
254 3172 378 3259 Marc,
410 3174 477 3244 145
506 3172 619 3266 Gerl.)
646 3178 720 3245 sine
747 3173 835 3245 Belli
860 3171 980 3242 Punici
1005 3173 1156 3241 nomine.
1201 3163 1269 3234 Sed

154 3287 244 3382 apud
270 3263 455 3380 utrumque
481 3292 527 3359 ita
551 3289 691 3381 legitur,
719 3297 769 3374 ut,
796 3289 865 3358 nisi
894 3285 1082 3357 remedium
1101 3280 1271 3375 quoddam

155 3399 310 3471 Merulae
350 3405 505 3494 ignotum
538 3402 748 3487 adhibueris,
790 3400 926 3473 iambici
959 3400 1085 3487 senarii
1120 3397 1272 3490 speeiem

155 3515 336 3610 praebeat.
366 3517 503 3588 Tertius
530 3540 616 3590 vero
643 3528 679 3589 et
694 3526 836 3610 quartus
854 3537 923 3587 non
941 3513 1041 3585 modo
1058 3531 1185 3583 versus
1203 3529 1273 3579 non

159 3637 250 3715 suut,
280 3652 400 3702 verum
427 3634 528 3703 etiarn
554 3636 602 3704 ita
628 3657 667 3706 se
693 3632 834 3720 babent,
862 3639 900 3701 ut
922 3651 1037 3722 neque
1069 3650 1090 3698 a
1122 3624 1274 3714 Calpur-

159 3746 218 3815 nio
242 3743 370 3816 Pisone
396 3750 521 3818 enotuti
546 3769 660 3844 neque
687 3771 708 3817 u
732 3741 868 3832 Merula
892 3743 974 3830 ficti,
1008 3741 1071 3815 sed
1094 3761 1140 3812 ex
1158 3738 1274 3831 aliquo

160 3857 331 3950 glossario
356 3863 508 3956 pessime
535 3867 661 3957 scripto
688 3865 813 3957 sumpti
839 3881 919 3932 esse
945 3857 1142 3930 videantur.
1170 3848 1274 3946 Apud

43 4050 46 4055 ,
164 3971 301 4061 Festum
328 3979 417 4046 enim
445 3975 508 4048 sub
533 3999 622 4049 roce
651 3985 854 4048 «temetum»
885 3973 934 4069 (p.
963 3971 1033 4044 364
1056 3967 1191 4059 Muell.)
1218 3967 1278 4034 in·
