2746 4530
660 329 730 405 101

127 545 369 632 sumpserunt.
397 537 558 610 Verbum
583 560 660 608 curn
679 537 856 609 adverbio:
876 563 1004 632 aspere
1029 543 1186 632 ufleicio,
1202 542 1245 611 de

125 678 194 749 quio
221 654 356 739 dubito,
385 652 510 723 deinde
536 675 719 722 monsume
736 660 884 739 moreto,
904 658 1126 746 contemptim
1156 677 1245 725 coa-

124 773 228 854 terit,
257 772 351 839 sutis
376 766 542 837 sardare.
580 769 696 835 Voces
723 789 786 860 per
824 768 1011 861 asyndeton
1050 769 1243 862 copulatae:

125 881 251 953 consol
274 903 417 964 censor,
444 879 567 968 fundit
603 882 715 972 lugat.
742 878 919 953 Interdum
958 881 1006 969 fit,
1045 890 1081 952 ut
1113 880 1245 954 duabus

126 1000 246 1068 causis
272 998 467 1065 coniunctis
510 994 663 1087 plurium
702 993 953 1066 vocabulorum
985 1000 1094 1090 prima
1121 996 1246 1067 eadem

127 1114 184 1195 sit,
212 1116 252 1179 ut
280 1113 315 1179 in
342 1105 408 1178 his:
437 1111 469 1176 ai
492 1112 593 1196 foret
616 1107 676 1195 fus
698 1109 801 1198 flere,
822 1107 959 1202 loquier
974 1109 1096 1202 liapuu
1115 1110 1243 1196 lutino,

127 1230 310 1299 oicisoiim
336 1224 428 1295 oolni
452 1228 651 1294 uictoriam.
681 1226 813 1295 Similis
839 1233 895 1296 est
917 1224 1108 1296 verborum
1146 1229 1249 1297 eins-

128 1342 212 1414 dcm
240 1342 388 1431 originis
414 1339 597 1431 copulatio,
624 1346 662 1409 ut
686 1343 849 1428 auspicui
873 1343 1083 1430 auspicium,
1110 1360 1248 1410 oacru-

128 1459 208 1526 riue
235 1459 400 1537 onuaioc,
429 1452 521 1522 clius
546 1451 700 1522 aliunde.
730 1451 850 1545 ltaque
878 1456 961 1525 satis
987 1453 1091 1523 multa
1116 1474 1247 1525 exem-

130 1571 185 1666 pla
213 1568 440 1659 collegimus,
468 1587 581 1659 neque
609 1563 934 1654 tamen'eiusmodi,
977 1591 1065 1663 quae
1092 1566 1248 1639 Germa-

129 1691 230 1756 nicae
258 1682 496 1752 alliterationis
523 1679 621 1773 leges
647 1679 809 1752 referant.
838 1682 968 1754 Eorum
995 1686 1092 1755 enim
1120 1682 1249 1756 similia

130 1802 240 1870 etiam
266 1801 301 1867 in
328 1818 434 1866 versu
463 1795 581 1879 heroo,
611 1799 797 1890 praecipue
824 1798 913 1892 apud
950 1797 1148 1869 Lucretium
1187 1801 1249 1869 in-

131 1916 286 1985 veneris.
329 1909 438 1996 Quid?
465 1911 581 1982 nonne
607 1914 641 1981 in
667 1921 784 1983 nostra
809 1917 908 2007 poesi
934 1913 1104 2010 populari,
1133 1934 1248 2006 quan-

131 2049 241 2120 quam
267 2024 370 2097 huius
403 2027 602 2096 ornamenti
641 2029 790 2096 minime
830 2027 983 2098 studiosa
1021 2035 1088 2112 est,
1128 2035 1248 2098 tamen

131 2141 191 2212 vel
219 2143 256 2210 in
283 2162 325 2209 ea
353 2139 513 2232 exempla
540 2159 608 2208 non
634 2138 760 2210 desunt
796 2141 910 2211 latinis
950 2143 1018 2214 illis
1055 2141 1145 2213 hund
1171 2142 1249 2212 dis-

132 2255 277 2340 similia,
305 2261 343 2324 ut
366 2256 496 2346 cupuli
521 2274 704 2338 ceneaens,
721 2265 1002 2343 nyma-umnam,
1021 2279 1144 2350 npyau
1162 2277 1255 2348 npe-

130 2393 226 2442 cenu
251 2373 458 2460 depeuenu,
481 2371 763 2460 napa-nopaoeu,
784 2370 864 2456 ulia,
884 2393 928 2441 ne
943 2370 1087 2465 figuram
1113 2380 1250 2466 etymo-

130 2487 282 2578 logicam
323 2491 358 2553 et
389 2490 504 2552 cetera
542 2481 576 2551 id
611 2504 735 2573 genus>
758 2484 1052 2557 commemorem?
1089 2483 1250 2578 Denique

133 2602 197 2672 hoc
225 2598 380 2690 intellegi
407 2597 502 2680 volo,
532 2596 795 2668 alliterationem
823 2623 842 2670 a
866 2621 974 2672 versu
994 2599 1153 2671 Saturnio
1179 2619 1250 2670 non

132 2716 227 2787 illam
256 2711 402 2805 quidem
429 2711 577 2780 alienam
603 2733 696 2796 esse,
739 2735 854 2805 neque
893 2722 1012 2784 tamen
1048 2711 1136 2782 hanc
1176 2733 1249 2783 reru

132 2831 241 2901 nimis
267 2829 388 2917 urgeri
415 2809 687 2918 gravioremque
722 2829 913 2898 existimari
942 2835 1114 2922 oportere,
1143 2849 1250 2921 quam

133 2951 198 3015 est.
231 2940 319 3026 Quid
340 2937 430 3032 quod
458 2937 774 3011 homoteleutornm
802 2957 951 3036 quoque·
972 2952 1006 3013 et
1032 2945 1250 3013 assonantiac

134 3055 302 3150 exempla
326 3056 362 3124 in
388 3052 453 3123 hoc
485 3052 608 3123 eudem
642 3076 748 3125 versu
782 3056 1023 3128 inveniuntur?
1056 3057 1250 3128 Bartschius

135 3179 265 3257 autem,
293 3168 377 3237 dum
405 3166 642 3239 similitudines
669 3178 832 3256 sectatur,
861 3173 946 3242 haec
972 3194 1091 3244 rursus
1118 3176 1249 3243 mirum

133 3287 168 3355 in
195 3282 336 3355 rnudum
362 3285 603 3373 exaggeravit,
632 3306 712 3352 cum
738 3286 857 3355 eodem
877 3285 1143 3356 adnumerasset
1168 3292 1249 3355 tan-

137 3422 243 3495 quam
270 3418 354 3468 sono
380 3395 444 3465 sibi
470 3397 712 3491 respondentia
746 3398 1116 3487 Herculia-cicinum,
1153 3399 1250 3469 Orci·

137 3511 411 3596 ao-tdesouco,
440 3511 822 3603 creterras—lapistus
848 3515 926 3595 alia,
953 3536 1095 3608 quorum
1128 3512 1249 3584 similis

139 3636 234 3702 esset
257 3627 312 3697 hic
339 3647 466 3695 versus
493 3629 724 3718 germanicus:

187 3796 272 3866 Thie
297 3793 444 3866 idriston
470 3794 547 3864 thdz
573 3793 733 3887 gihdrtirn
784 3795 840 3866 ioh
866 3800 924 3866 ein
949 3793 1051 3888 girdti
1077 3793 1196 3868 datan.

133 3960 200 4063 nAt,
228 3950 264 4032 ut
288 3963 560 4034 terminationum
594 3965 833 4062 convenientia
861 3962 1028 4049 audiatur,
1057 3967 1105 4035 sic
1130 3964 1250 4055 legere

144 4077 303 4168 cogimur:
1006 4066 1008 4071 ⁴
1075 4101 1077 4105 ·
