2746 4530
617 288 662 365 'lb

90 518 284 592 quanquam
311 521 374 594 pro
398 521 444 594 po
469 501 618 597 simplex
653 511 708 574 est
733 506 767 575 in
793 503 907 579 indico
930 506 1043 577 vetem
1079 527 1127 598 ep
1162 511 1198 581 et

88 615 225 707 persice
248 613 306 684 db.
328 613 477 701 Deinde,
497 616 588 711 quod
604 615 771 689 Indorum
789 618 906 712 lingua
935 619 1056 693 dicitur
1069 618 1196 708 sedda

88 724 303 802 Graeconrm
327 729 420 827 ἡδὺς,
450 729 631 807 Slavomm
666 733 827 818 amosa,
856 734 961 806 latine
992 738 1111 807 uocis
1136 732 1197 807 bi-

83 845 139 915 nis
165 844 317 938 syllabis,
346 848 381 917 in
406 845 610 940 plebeculae
634 867 695 917 ore
720 847 932 941 trisyllabum
969 846 1099 920 luctum
1126 857 1193 934 est,

85 964 122 1029 ut
147 960 183 1029 in
208 958 272 1030 boc
295 981 406 1032 versu
431 962 534 1032 tonici
558 960 736 1032 cuiusdam
750 960 864 1055 bpmni
883 962 926 1034 de
950 964 1090 1035 nemine
1114 961 1195 1035 lesu

84 1070 127 1145 ud
150 1077 366 1145 matutinam:

399 1239 456 1311 Nil
481 1241 612 1310 canitur
638 1243 793 1323 suavius,

83 1401 173 1474 unde
198 1406 373 1499 trisyllaba
400 1414 479 1477 sunt
504 1408 573 1479 ital.
595 1429 703 1479 eoooe
720 1415 756 1479 et
771 1405 878 1479 franc
896 1430 1014 1481 saoce.
1032 1406 1195 1481 Suadere

86 1526 215 1610 autem,
244 1519 333 1614 quod
372 1520 415 1593 ab
453 1522 578 1593 eodem
615 1523 728 1594 ceddo
754 1520 972 1609 factumest,
1013 1524 1195 1596 distractas

84 1636 225 1707 vocales
250 1634 354 1706 babet
372 1636 460 1731 apud
486 1636 684 1708 Lucretium
709 1635 773 1721 tv,
804 1637 910 1709 115⁷.
941 1637 1008 1709 Sed
1034 1638 1124 1732 quod
1150 1637 1196 1714 ud

82 1769 151 1843 poe
191 1748 394 1845 disyllabum
439 1753 559 1844 magni
598 1754 755 1836 interest,
792 1753 827 1822 iu
865 1751 975 1823 altera
1011 1754 1196 1847 compositi

88 1871 186 1959 parte
212 1863 447 1937 semivocales
472 1864 634 1936 vocalem
659 1886 782 1937 sonum
821 1865 988 1937 interdum
1014 1867 1192 1962 recipiunt.

84 1978 163 2049 lom
189 1981 286 2051 enim
312 1981 477 2074 particula
503 1978 672 2074 disyllaba
685 1977 761 2050 fieri
774 1978 874 2065 solet,
894 2002 973 2049 cum
1002 1977 1069 2050 alia
1086 2000 1196 2075 prae-

94 2098 202 2188 posita
240 2102 306 2168 est:
344 2098 458 2190 itaque
481 2100 497 2165 i
521 2097 655 2168 vocalis
683 2102 737 2168 est
761 2098 795 2166 in
820 2094 874 2166 bis
900 2099 1044 2186 et·iom‚
1081 2117 1197 2189 puoc-

86 2213 170 2297 ium‚
199 2217 401 2298 conc-iam,
432 2217 664 2307 quie-p-iom.
701 2209 740 2282 In
780 2212 1079 2304 Francogallcrum
1115 2235 1198 2285 ser·

82 2347 188 2398 mone
213 2325 306 2412 bier,
335 2327 424 2420 quod
450 2349 540 2398 nunc
566 2322 740 2396 distractis
760 2323 937 2395 vocalibus
955 2322 1030 2396 lere
1054 2325 1189 2412 dicitur,

84 2445 269 2536 antiquitus
297 2451 427 2528 autem,
456 2463 532 2512 cum
558 2464 577 2512 a
603 2441 709 2512 latino
734 2439 815 2509 brrs'
854 2441 1044 2511 derivatum
1082 2450 1190 2527 esset,

83 2559 281 2643 contractis,
310 2557 513 2651 quandoque
538 2556 617 2627 voci
643 2559 750 2626 scoot
763 2554 955 2626 adiunctum
982 2560 1071 2638 erat,
1099 2576 1194 2624 nun·
1275 2606 1277 2610 ψ

85 2693 188 2764 poam
218 2694 288 2744 nen
313 2672 516 2768 disyllabum
542 2671 664 2756 tiebat,
693 2679 728 2743 et
759 2670 801 2742 ab
828 2692 885 2753 eo,
926 2669 1015 2763 qnod
1054 2678 1194 2765 propter

84 2785 220 2858 latinum
258 2787 327 2858 mel
362 2810 424 2883 per
461 2784 731 2880 monosyllabum
769 2782 947 2856 dicebatur
983 2782 1076 2868 miei,
1117 2804 1192 2853 cum

85 2904 341 2997 praepositione
367 2900 494 2973 lactum
522 2908 577 2972 est
598 2896 861 2992 tetrasyllabum
886 2896 1078 2989 emmeles,
1104 2917 1195 2990 quo-

85 3037 166 3085 rum
192 3015 351 3109 exempla
378 3014 458 3085 vido
496 3018 531 3086 in
556 3010 766 3100 Quicberatii
807 3011 895 3083 libro
932 3034 964 3107 p.
1005 3010 1074 3083 291
1114 3032 1191 3104 sqq.

91 3126 166 3200 Huc
192 3130 333 3211 accedit,
360 3128 449 3224 quod
474 3150 497 3200 o
523 3135 647 3223 postp
685 3149 857 3222 nunqnam
894 3124 1041 3197 eundem
1075 3147 1195 3196 sonum

85 3250 191 3338 atque
217 3245 250 3314 iu
277 3242 375 3315 verbi
400 3245 493 3315 initio
519 3242 646 3337 adepta
671 3251 738 3328 est,
765 3250 802 3312 ut
826 3244 915 3312 inter
939 3260 1034 3332 opaco
1051 3238 1197 3332 disylla-

84 3354 164 3428 bon
192 3365 228 3430 et
263 3369 360 3450 opitu
390 3355 603 3451 trisyllabum
639 3378 751 3451 paene
776 3354 862 3426 nibil
900 3357 1092 3438 interesset,
1130 3356 1197 3426 uisi

80 3470 169 3565 quod
196 3474 228 3541 in
257 3472 364 3543 altero
389 3494 412 3541 a
443 3471 545 3541 litera
559 3491 676 3540 morae
690 3470 841 3563 spatium
855 3475 1035 3561 aequaret,
1054 3470 1089 3538 in
1102 3468 1195 3539 alte·

82 3605 121 3656 ro
146 3584 247 3656 brevi
264 3584 405 3657 brevior
421 3583 616 3657 baberetur.
638 3580 735 3669 Quae
752 3593 958 3665 argumenta
974 3602 1080 3674 quam
1102 3577 1195 3652 doxa

84 3705 119 3769 et
144 3698 314 3790 ambigua
340 3703 420 3784 sint,
449 3719 644 3793 quanquam
681 3701 758 3793 ipss
796 3699 919 3781 sentio,
957 3705 1086 3786 tamen,
1117 3718 1195 3766 cum

85 3814 145 3887 tlte
170 3837 299 3887 versus
326 3816 466 3887 moustn'
505 3819 613 3885 instar
651 3815 711 3897 sit,
739 3810 937 3885 Gretelendi
962 3814 1193 3884 coniecturam

88 3931 249 4027 amplecti
273 3931 378 4015 malo,
407 3949 542 4023 quomo
561 3928 676 4001 media
691 3950 778 4001 voce
803 3927 926 4001 tbesim
953 3927 1081 3999 eicere.
1107 3923 1195 3997 Nem

85 4045 127 4118 de
154 4043 366 4118 Graecorum
392 4048 475 4140 τονῄ
501 4048 578 4116 sive
601 4043 838 4138 productione,
866 4043 963 4114 cuius
998 4061 1066 4136 ope
1091 4041 1197 4129 longa
