2746 4530
603 270 653 344 w
714 240 719 250 .

70 482 239 565 missam,
273 501 379 573 quam
409 478 484 578 lieri
509 503 579 553 non
604 491 718 575 potest
741 485 823 578 quin
850 487 884 555 in
910 484 963 557 liis
991 483 1180 558 Naevianis

65 617 326 686 agnoscamus:
457 681 459 684 Ι

123 761 257 833 Deinde
282 763 415 855 pollens
441 767 575 856 sagittis
738 763 890 841 inclutus
917 775 1138 850 areutenens,

123 859 268 930 Sanctus
295 860 437 954 Delphis
463 871 651 955 prognatus
742 860 883 958 Pythius
910 863 1048 959 Apollo,

123 1046 206 1118 lllud
226 1056 344 1119 autem
370 1048 496 1119 deiude
521 1053 640 1122 neseio
668 1073 711 1120 an
728 1071 798 1120 non
815 1054 850 1120 in
868 1051 1020 1123 eundem
1037 1071 1183 1122 oensem

56 1163 203 1248 veniat,
244 1163 308 1235 sed
338 1172 458 1235 natura
490 1163 693 1257 productam
724 1165 886 1241 ultimam
918 1164 1053 1237 haheat.
1113 1166 1184 1238 Alii

58 1280 162 1352 hane
189 1276 348 1349 radicum
366 1280 572 1371 scripturam
598 1286 731 1348 mutant
747 1281 783 1348 in
800 1278 891 1365 deira,
921 1279 1013 1374 quod
1028 1279 1184 1373 plerique

62 1413 167 1468 nuno
192 1396 409 1484 impugnant,
437 1393 585 1486 quodid
611 1396 779 1485 temporis
805 1394 1085 1488 monosyllabum
1102 1392 1188 1467 iue-

66 1509 135 1580 tit.
185 1503 404 1597 Quanquam,
440 1530 520 1577 eum
553 1530 597 1578 ex
629 1512 884 1600 praepositione
916 1508 961 1582 do
994 1514 1028 1578 et
1052 1529 1185 1600 prouo-

72 1620 180 1691 minis
206 1624 237 1690 ia
262 1644 346 1693 easu
371 1621 520 1694 locativo
544 1625 775 1715 compositum
802 1627 856 1708 sit,
886 1645 948 1715 per
973 1623 1057 1697 duas
1076 1622 1190 1717 svlla-

73 1732 147 1807 'has
168 1736 350 1829 aliquando
376 1736 586 1830 appellatum
612 1734 716 1808 inerit
740 1759 891 1808 necesse
916 1745 981 1807 est.
1022 1736 1061 1807 ln
1080 1737 1191 1809 altero

89 1858 196 1922 autem
228 1875 334 1924 versu
360 1875 442 1922 eum
467 1859 584 1923 cetera
609 1850 780 1944 Apollinis
807 1851 956 1944 epitheta
996 1855 1071 1928 sine
1097 1873 1191 1926 eurr-

96 1964 310 2037 lunationihns
336 1967 509 2037 cumulata
542 1975 674 2052 essent,
704 1975 777 2039 tvm
806 1975 944 2059 propter
969 1970 1076 2037 metri
1098 1967 1191 2037 rati-

96 2097 186 2148 onem
203 2102 270 2174 que
288 2081 466 2175 particula,
494 2104 583 2172 quae
610 2084 644 2151 in
670 2079 767 2152 libris
793 2091 868 2173 post
894 2085 1188 2153 vocemmeam

84 2189 219 2284 legitur,
255 2200 386 2289 optimo
412 2199 485 2267 iure
513 2219 532 2267 a
558 2195 716 2268 ¹Vahleno
743 2199 853 2266 eiecta
878 2204 943 2266 est.
984 2193 1185 2278 Praeterea,
1231 2249 1238 2266 .

99 2304 189 2381 donee
232 2314 516 2384 terminationem
555 2310 727 2383 secundae
765 2332 935 2402 personae
969 2309 1110 2402 pluralis
1142 2313 1190 2381 tia

101 2423 202 2519 aliquis
228 2426 425 2520 productam
449 2425 605 2496 vocalem
633 2423 797 2494 hahrrisse
822 2423 1126 2507 demonstraverit,
1153 2425 1188 2494 iu

98 2540 232 2612 eiusdem
258 2541 416 2612 licentiae
442 2539 611 2633 exemplis
637 2537 872 2609 numerandus
899 2545 953 2609 est
976 2536 1030 2607 hie
1047 2559 1186 2622 versuo,

102 2652 135 2724 de
156 2677 218 2749 quo
245 2655 425 2727 sarciendo
445 2677 548 2749 supra
575 2654 843 2749 disputavimus:

136 2823 183 2897 Ne
208 2820 383 2920 quairatis.
404 2823 547 2906 honore,
655 2825 736 2916 quei
762 2824 879 2892 minus
907 2824 952 2893 sit
967 2830 1116 2893 moetus.

10 3070 12 3075 ,
134 2992 256 3080 Quodsi
282 2997 336 3064 oui
362 2996 479 3064 minus
496 2992 640 3088 probata
667 2999 758 3082 sunt,
787 2989 1087 3085 quanorssenus
1103 2991 1191 3069 Aus-

10 3112 12 3193 {
94 3128 152 3203 apr.
172 3108 200 3195 l,
231 3109 299 3181 338
322 3108 364 3179 de
389 3111 583 3203 imperativi
608 3108 773 3202 producta
798 3107 916 3178 ultima
941 3106 1188 3201 disputaverat,

93 3231 192 3296 utatur
208 3224 273 3296 hoe
299 3224 509 3319 producendi
534 3246 666 3315 genere
684 3226 719 3292 in
746 3220 906 3292 Odissiae
930 3219 1095 3292 Livianae
1122 3241 1191 3290 ex-

10 3326 12 3343 '
93 3339 190 3426 ordio,
217 3339 430 3432 quoditase
455 3337 780 3408 inaeniorum:

190 3509 312 3580 Virum
340 3507 444 3595 milri,
474 3507 642 3591 Gaurana,
750 3495 868 3577 insece
894 3507 1089 3573 vorsutum.

91 3677 150 3752 Sed
175 3702 243 3772 ego
270 3700 347 3748 eum
372 3677 548 3749 Corssono
574 3670 828 3758 sentironmlo,
847 3669 1009 3762 qnoniam
1026 3663 1190 3736 dubitan-

89 3795 241 3878 uncus
268 3803 334 3879 est,
364 3815 447 3871 num
468 3792 602 3864 vmats
629 3791 707 3867 siae
731 3806 888 3863 eonsoua
902 3804 964 3876 per
982 3783 1085 3855 arsin
1104 3799 1194 3874 pro-

90 3910 160 3987 dnoi
185 3912 306 4008 possit.
335 3909 397 3981 llla
422 3915 537 3982 autem
564 3907 746 4000 superiora
784 3921 852 3976 uon
891 3899 1001 3997 magis
1040 3891 1191 3973 miranda

88 4033 182 4114 aunt,
206 4047 311 4119 pum
331 4023 395 4097 hoe
421 4021 661 4114 Vergilianum
687 4014 819 4108 111113ἢ
840 4011 904 4097 111,
933 4011 1017 4091 189:
