2746 4530
660 322 796 394 31.

126 537 269 603 rentiani
296 533 440 605 schema
468 522 514 603 ad
539 535 737 603 anacrusim
772 531 862 602 hene
896 523 935 604 se
966 532 1124 603 haheret.
1162 531 1237 617 Oua

126 651 215 719 enim
242 670 282 718 ro
307 668 433 719 versus
461 647 590 744 duplex
624 648 802 718 Saturnius
841 672 859 717 a
897 647 1033 719 duobus
1073 649 1235 720 versibus

125 765 282 833 trimetris
309 763 473 848 differret,
504 766 534 834 si
560 763 777 834 hemistichia
806 771 863 832 aut
899 766 988 833 inter
1028 786 1067 834 se
1107 762 1236 835 similia

127 885 238 947 essent
263 886 321 948 aut
346 881 381 948 in
409 879 476 949 alio
501 901 607 950 versu
633 879 733 948 aliter
750 876 1008 971 discreparent?
1028 877 1066 948 ln
1087 865 1236 948 aliorum

129 990 260 1083 quidem
286 993 493 1086 populorum
520 992 679 1063 versibus
699 992 913 1062 hemistichia
934 992 1092 1064 differunt
1110 993 1236 1063 saltem

130 1112 292 1190 extrema,
329 1106 450 1175 sedin
475 1129 582 1177 versu
610 1106 768 1177 Saturnio
794 1129 838 1176 ne
866 1109 934 1177 hoc
951 1108 1092 1199 quidem
1110 1106 1238 1178 discri-

131 1221 227 1289 minis
254 1226 320 1304 est,
350 1222 475 1313 quippe
494 1242 595 1312 quem
613 1218 703 1292 thesi
720 1219 964 1314 monosyllaba
978 1221 1138 1292 concludi
1154 1242 1240 1291 om-

133 1337 184 1403 nia
216 1343 446 1426 monumenta
478 1335 670 1405 ostendant.
713 1333 916 1405 Cuiusmodi
955 1343 1072 1406 autem
1111 1355 1238 1404 versus
1348 1376 1353 1384 ι

136 1448 202 1532 sint,
231 1451 288 1540 qni
315 1447 393 1517 huic
419 1448 488 1540 legi
526 1449 765 1533 adversentur,
807 1471 869 1520 suo
909 1449 983 1519 loco
1023 1448 1234 1519 videbimus.

137 1559 191 1630 Sed
216 1565 281 1632 etsi
306 1563 434 1634 melius
461 1585 499 1632 se
533 1563 699 1633 haherent
730 1564 987 1658 emendatuque
1026 1565 1235 1635 dilliciliores

137 1686 251 1758 essent,
288 1687 406 1747 tamen
446 1701 530 1772 prae
558 1679 786 1770 legitimorum
811 1702 980 1751 versuum
1017 1681 1236 1767 multitudine

138 1789 290 1864 horinon
317 1801 447 1887 posset,
476 1797 555 1886 quin
586 1797 736 1888 suspecti
754 1794 967 1864 viderentur.
996 1793 1082 1864 Nam
1110 1816 1236 1866 omnes

139 1901 199 1976 iere
222 1907 334 2001 populi
363 1930 464 1976 suam
482 1911 627 2001 quisque
652 1931 821 1979 versuum
839 1909 1154 1979 concludendorum
1172 1932 1236 1978 ra-

142 2021 256 2091 tionem
296 2004 440 2107 hahent,
469 2045 535 2113 qna
563 2027 627 2093 etsi
660 2045 728 2093 non
766 2046 1028 2117 usquequaque,
1071 2032 1105 2094 at
1143 2032 1239 2094 certe

143 2131 228 2226 longo
253 2138 463 2230 saepissime
490 2138 636 2228 quisque
666 2139 782 2222 utitur,
805 2137 894 2230 quod
912 2160 1023 2230 genus
1041 2137 1237 2209 Russorum

146 2255 187 2316 est
207 2247 375 2338 dactylus,
405 2248 587 2320 trochaeus
606 2251 908 2322 Scandinavorum
927 2260 961 2323 et
977 2250 1235 2338 Hebraeorum,

146 2357 289 2433 Indorum
316 2363 454 2434 iambus
483 2366 608 2435 saltem
643 2367 678 2434 in
712 2366 826 2435 Sloco:
868 2389 968 2459 quarn
1008 2370 1053 2436 ita
1092 2369 1238 2459 quisque

146 2474 312 2564 adamavit,
342 2487 378 2548 nt
402 2480 463 2548 vel
487 2488 626 2574 praeter
652 2479 843 2551 verborum
869 2490 1028 2552 naturam
1057 2489 1091 2552 et
1109 2502 1240 2575 proso-

146 2588 221 2663 diam
246 2601 373 2663 teneat.
403 2591 505 2687 Apud
532 2602 703 2664 nostrates
731 2595 871 2686 quidem
897 2618 1022 2666 versus
1049 2593 1236 2689 populares

145 2701 408 2800 frequentissime
435 2716 564 2777 exeunt
590 2711 652 2778 sic:

276 2855 421 2927 Crounn,
447 2879 545 2944 ryrn
570 2857 701 2936 ltocna.
729 2880 773 2927 ne
799 2863 1067 2929 mesennnerca.

278 2954 332 3023 llo
358 2963 501 3022 nonnae
527 2976 619 3024 norn
643 2978 691 3023 nn
717 2976 882 3024 ancnoris
908 2959 1075 3047 cepeopis.

277 3049 357 3120 Ona
383 3049 524 3141 y'ophua
550 3073 574 3119 u
600 3053 828 3141 pcudrpirua.

179 3195 249 3283 Est,
268 3207 306 3267 ut
324 3220 432 3268 voces
452 3199 646 3270 trochaicae
664 3202 841 3271 encliticae
859 3201 953 3282 hant,
982 3205 1068 3272 utin
1087 3202 1150 3272 hoc
1169 3223 1240 3271 no-

141 3313 278 3384 tissime:

245 3461 335 3532 vm,
366 3484 463 3532 aaran
488 3485 587 3533 naun
613 3485 765 3551 aynano
789 3484 837 3531 aa
865 3462 956 3529 eune
981 3481 1084 3550 nepe,

247 3560 281 3628 A
310 3562 444 3640 anapoli
470 3581 579 3628 nocua
604 3583 652 3628 au
677 3559 811 3650 penuad
836 3578 979 3648 ceppue.

175 3710 223 3780 nt
240 3709 277 3777 in
296 3707 448 3801 pedestri
467 3709 601 3798 quidem
625 3729 784 3777 sermone
802 3707 944 3777 dicimus
959 3707 1235 3789 meaenaaerca,

135 3822 294 3916 copedpd,
323 3810 555 3915 porrorpdua,
580 3844 669 3891 onae
693 3826 806 3913 nope,
832 3841 967 3912 pennino
990 3823 1133 3909 cepnae.
1162 3812 1237 3885 Hoc

134 3937 213 4008 idem
238 3944 277 4006 ut
299 3943 518 4027 assequatur,
550 3935 647 4030 plebs
673 3942 788 4004 nostra
812 3933 1056 4002 declinationes
1076 3931 1238 4021 antiquas

136 4059 167 4122 et
180 4051 337 4122 insolitas
354 4059 510 4137 revocat,
531 4051 618 4142 qnod
638 4070 749 4141 genus
769 4056 848 4118 sunt
863 4047 969 4117 haec:
