2746 4530
645 281 693 354 ‘ia

128 496 306 567 terminari
322 514 392 564 nou
408 495 564 587 patiatur,
579 513 625 563 ne
642 492 796 587 danius
811 501 981 586 exsistat,
1000 500 1069 571 nisi
1092 498 1237 570 cronno

130 608 241 682 iactus
267 613 324 696 sii,
352 617 389 680 ut
412 610 446 678 in
472 606 549 680 hoo:

341 775 454 846 Dacia
480 780 643 869 auspicio
671 777 897 872 imperioque.

131 954 234 1025 Arsis
261 949 406 1021 solvihur
431 952 545 1045 prima
570 956 606 1022 oi
621 953 733 1037 teriia,
762 959 798 1022 ut
823 954 857 1024 in
882 952 949 1026 his:

336 1116 554 1190 ³Sicilienses
581 1119 734 1212 paciscii.

343 1209 525 1308 capitibus
552 1216 694 1310 opertis.

342 1307 456 1393 Quare
483 1310 604 1383 iubens
628 1319 664 1381 te
689 1315 723 1381 in
747 1317 897 1403 gremia.

344 1404 463 1477 Gloria
489 1414 590 1503 atquc
615 1410 813 1500 inghnium.

124 1573 253 1669 Neque
278 1573 405 1647 thesim
431 1577 599 1647 omissam
624 1577 845 1668 obscurano
875 1579 963 1649 arsis
994 1574 1242 1664 colutianis

127 1689 296 1763 docemur
321 1690 504 1785 exemplis:
1229 1690 1234 1699 '

346 1856 509 1951 Magnum
535 1859 881 1956 stuprumvphphic.

348 1953 470 2026 Omnia
474 1955 657 2050 h,breuia

343 2053 642 2150 Scipiovrhcipit.

347 2148 722 2244 Maxsumovmhreto.

132 2315 331 2391 Secundam
359 2326 486 2402 autern,
513 2340 618 2411 quam
644 2318 809 2390 diaeresis
835 2319 1001 2412 subsequi
1014 2317 1115 2404 solet,
1143 2316 1244 2387 eiiam

131 2435 166 2505 si
190 2454 261 2503 non
281 2432 464 2504 observata
483 2435 540 2516 sit,
561 2434 652 2508 solvi
669 2455 824 2528 unquam
843 2455 947 2528 posse
963 2432 1097 2504 nuliam
1116 2453 1245 2505 exem·

132 2548 229 2645 plum
256 2547 366 2620 docet.
397 2546 600 2642 Quanquam
625 2556 764 2644 propter
800 2548 1019 2642 reliquiarum
1051 2549 1246 2642 paucitate-

135 2668 209 2737 iem
236 2663 439 2734 solutionem
466 2662 597 2735 abhoc
624 2663 700 2735 ioco
726 2663 870 2734 omnino
895 2661 1022 2733 abesse
1047 2663 1246 2733 dicerenon

137 2781 263 2848 ausim.
294 2775 401 2847 Porro
427 2799 541 2869 neque
568 2780 656 2848 arsis
682 2798 758 2847 cum
783 2775 872 2848 thesi
896 2798 1010 2870 neque
1035 2775 1125 2848 duae
1151 2796 1249 2848 arses

137 2890 304 2985 deinceps
331 2891 523 2977 solvuntur,
550 2898 587 2961 ui
612 2890 834 2986 productione
859 2894 970 2987 potius
995 2890 1163 2963 utendum
1187 2892 1249 2960 vi·

136 3006 258 3077 dentur
282 3008 316 3075 in
343 3004 406 3075 hoc
431 3003 627 3078 Naeviancz

248 3173 362 3244 Simul
386 3175 476 3247 alius
503 3176 639 3249 aliunde
747 3181 910 3250 rumitant
936 3180 1027 3249 inier
1052 3198 1103 3248 se.

139 3341 177 3412 ln
205 3341 367 3411 Saturnio
406 3345 501 3412 enim
526 3365 645 3430 versu,
683 3352 721 3414 ui
758 3352 811 3415 esi
847 3346 1090 3436 gravissimus,
1128 3342 1251 3415 solutio

141 3455 248 3526 nulio
276 3459 411 3549 parcius
436 3465 633 3553 usurpatur,
660 3479 760 3549 quarn
786 3461 821 3529 in
846 3460 922 3529 aliis
949 3457 1108 3530 eiusdem
1128 3458 1250 3528 aetatis

140 3568 303 3642 uersibus
336 3570 496 3643 iambicis
534 3578 568 3643 et
606 3571 796 3660 trochaicis,
836 3581 883 3660 ei,
911 3595 992 3644 cum
1028 3574 1166 3644 licentia
1191 3574 1248 3656 sii,

86 3668 90 3679 ⁵
141 3683 363 3758 dioecesibus
402 3687 583 3758 adiuvetur
619 3708 767 3758 necesse
804 3699 872 3760 est.
915 3685 1037 3781 Neque
1074 3688 1180 3758 aliam
1206 3684 1250 3758 oh

145 3823 291 3875 cansam
330 3824 442 3895 neque
481 3811 560 3897 post
595 3801 795 3872 trochaeum
827 3803 980 3875 solutum
1024 3824 1137 3896 neque
1162 3806 1252 3873 inter

143 3916 298 4006 syllabae
339 3915 471 3986 solutae
508 3923 622 4009 partes
661 3915 769 3987 hiatus
808 3920 989 3989 invenitur.
1026 3914 1145 4011 Itaque
1182 3937 1251 3988 non

141 4029 273 4118 dubito,
303 4035 384 4124 quin
411 4031 555 4100 elisione
581 4031 747 4103 cundum
772 4035 874 4104 sitin
899 4031 976 4104 hoc:
