2746 4530
631 317 700 389 123

112 522 226 595 [totta
253 537 363 598 autem
391 550 437 598 ex
463 528 526 598 hoo
552 528 722 613 titubant,
751 536 786 600 in
812 552 879 622 quo
905 531 1031 602 libendi
1049 538 1223 604 notionem

113 641 220 710 latere
246 645 388 722 oonioio,
418 643 608 712 eliciamus.
639 643 758 734 Neque
785 648 878 715 enirn
905 646 986 714 illud
1019 647 1112 738 quod
1137 669 1224 742 pro-

113 777 242 826 nomen
269 761 313 825 sit
336 779 484 827 neeesse
510 765 573 841 est,
604 757 693 850 qnod
722 759 764 827 ad
779 761 894 828 vinum
922 762 1103 853 pertineat,
1134 782 1225 855 quo-

113 873 202 939 niam
230 872 345 962 qooad
372 894 440 941 non
467 894 545 941 raro
573 876 618 941 ita
644 871 816 942 scribitur.
847 872 948 958 Vide,
990 897 1078 966 quae
1110 874 1226 945 Laolr-

114 1008 259 1056 mannus
287 987 327 1055 ad
353 986 452 1057 Luor.
483 987 528 1071 V,
564 988 656 1058 1033
700 997 733 1058 et
760 990 885 1058 Munro
919 990 960 1059 ad
987 991 1141 1060 eiusdem
1179 989 1223 1076 ΙΙ,

115 1098 183 1169 248
212 1099 472 1183 adnotaverunt,
501 1096 535 1168 ei
556 1102 670 1192 quood
701 1101 973 1195 monosyllabum
1002 1103 1089 1198 apud
1116 1105 1227 1174 Plau-

115 1222 184 1312 tum
211 1215 312 1283 Asin.
339 1214 383 1297 ll,
413 1215 513 1300 230,
541 1209 635 1285 Men.
666 1214 712 1302 V,
742 1217 827 1302 2,20
867 1226 901 1286 et
927 1218 1014 1311 apud
1051 1216 1228 1288 Horatium

117 1328 184 1398 Sat.
216 1328 256 1408 lt,
290 1330 389 1412 ‘d‚91.
418 1328 519 1400 llletri
558 1338 670 1400 autem
708 1351 813 1400 causa
852 1331 990 1423 quidam
1029 1332 1228 1425 particulam

117 1441 295 1527 addamne,
325 1467 413 1535 quae
452 1452 596 1539 propter
634 1444 892 1516 similitudinem
929 1444 1030 1517 laoile
1069 1447 1229 1542 excidere

119 1568 264 1653 poterat,
293 1565 500 1653 praesertim
527 1566 555 1632 si
595 1586 659 1656 per
696 1562 935 1656 compendium
976 1566 1102 1656 scripta
1140 1570 1226 1633 erat.

118 1674 217 1759 Quae
245 1681 272 1744 si
299 1699 382 1746 vera
411 1687 498 1756 sunt,
528 1681 577 1748 sie
603 1676 680 1748 lere
705 1677 824 1747 Livius
851 1681 993 1771 scripsit:

160 1806 328 1898 (Fruges)
356 1813 468 1877 earnis
495 1813 696 1902 vinumque,
752 1808 840 1900 qnod
868 1808 1037 1901 (quidem)
1063 1807 1206 1895 libebat,

166 1903 390 1973 Anelabatur.
825 1991 827 1997 s

119 2035 203 2103 Sunt
229 2036 395 2125 quaedam
423 2037 502 2118 alia,
533 2059 620 2128 quae
639 2059 658 2104 a
676 2034 905 2119 Buechelem,
925 2035 1134 2120 Guenthero,
1158 2036 1233 2108 aliis

121 2149 160 2217 ad
188 2171 327 2217 uersum
357 2149 549 2218 Saturnium
577 2148 784 2234 referuntur,
822 2150 923 2242 quale
950 2157 1003 2218 est
1029 2148 1092 2218 hoo
1129 2148 1230 2220 Livii:

126 2263 264 2332 «Vestis
291 2264 397 2356 pulla,
425 2286 610 2356 purpurea,
641 2263 790 2356 ampla»,
823 2263 911 2355 qnod
941 2260 1004 2331 Od.
1033 2261 1130 2347 XIX,
1165 2263 1234 2334 225

126 2379 237 2446 simile
264 2387 327 2447 est.
368 2376 464 2461 Quae
505 2383 535 2446 in
575 2386 725 2446 metrum
759 2399 886 2466 eogere
924 2399 1125 2468 quamquam
1167 2399 1235 2447 non

123 2492 324 2584 perdiil'irile
351 2500 416 2575 est,
447 2500 574 2575 tamen,
604 2514 684 2560 eum
712 2499 769 2560 aut
794 2492 891 2561 locus
919 2501 976 2560 aut
1000 2514 1129 2562 nornen
1148 2514 1236 2561 auo-

122 2612 205 2676 toris
233 2616 289 2676 aut
316 2612 424 2700 ipsum
452 2615 596 2676 metrum
631 2609 782 2697 ignotum
816 2608 871 2690 sit,
912 2610 1003 2674 omni
1041 2609 1236 2677 coniectura

122 2723 296 2792 abstinere
324 2730 488 2818 praestat.
519 2720 575 2791 Ex
604 2725 652 2790 eis
687 2728 812 2804 autem,
854 2742 940 2811 quos
978 2722 1066 2813 apud
1103 2717 1237 2789 Livium

124 2840 302 2909 Saturnios
328 2843 535 2908 invenerunt
560 2837 715 2906 homines
749 2836 849 2919 docti,
884 2833 1106 2919 Niebuhrius,
1141 2834 1237 2907 Her-

124 2976 282 3036 mannuS‚
311 2952 542 3033 DuentueruS,
564 2951 634 3034 alii,
654 2948 774 3019 lllaroii
791 2951 988 3019 vaticinium
1008 2946 1139 3039 (XXV,
1160 2946 1234 3041 12),

125 3091 193 3160 quo
219 3067 334 3136 rlades
362 3065 556 3136 Cannensis
583 3065 756 3160 praedicta
784 3073 849 3148 est,
890 3086 958 3134 non
999 3062 1101 3133 aliter
1138 3071 1239 3156 atque

126 3183 251 3251 inultae
296 3184 556 3273 antiquissimae
597 3179 834 3250 Romanorum
881 3184 1009 3262 sortes,
1055 3176 1238 3246 heroorum

126 3319 290 3365 versuum
316 3300 463 3387 vestigia
492 3299 602 3388 potius
629 3296 792 3364 eontinet.
830 3291 931 3364 Certe
969 3294 1069 3385 primi
1103 3290 1237 3383 quidem

126 3433 251 3481 versus
279 3417 386 3482 maior
412 3434 492 3505 pars
519 3414 652 3500 integra
680 3417 745 3478 est:

178 3552 338 3626 Amneni,
369 3545 582 3635 Troiugena,
614 3542 780 3621 Cannam,
808 3542 976 3622 Romane,
1004 3538 1098 3630 luge.

24 3716 29 3732 ·
127 3682 250 3752 Nescio
278 3704 320 3750 an
347 3681 472 3751 herous
500 3684 543 3750 sit
568 3678 633 3748 hie:

233 3813 406 3906 lllultaque
434 3813 524 3881 milia
551 3813 666 3891 ott-elsa
693 3817 749 3879 tua
777 3808 908 3877 delerat
934 3805 1056 3873 amnis,

132 3948 354 4039 Reliquorum
385 3946 417 4014 hi
445 3944 646 4038 perexiguis
674 3934 920 4009 mutationibus
939 3938 972 4004 in
993 3933 1079 4003 idem
1100 3939 1208 4002 metru

135 4062 347 4153 rediguntur:
