2746 4530
627 280 674 353 81

96 496 298 592 Quanquam
324 497 460 568 elisioni
485 494 635 567 obnoxia
662 504 741 568 sunt
765 516 834 568 non
853 497 960 570 modo
974 491 1204 593 polysyllabae,

96 614 347 685 verumetiam
373 633 480 683 voces
498 609 670 682 iambicae
690 612 805 706 idque,
826 613 892 682 nisi
907 611 1020 699 lallor,
1041 613 1154 685 semel
1169 615 1206 683 in

97 729 209 802 brevi.
238 729 296 800 Sin
320 731 416 798 enim
440 735 534 798 certe
558 727 742 819 legandum
767 734 829 800 est:
961 747 964 751 ’

148 877 243 952 Mors
269 877 426 975 perfecit,
455 884 516 950 tuo
535 885 573 949 ut
597 885 716 950 essent
820 881 939 951 omnia
963 864 1097 950 brevia.

100 1026 198 1115 ouon
224 1026 373 1100 elidendi
398 1049 512 1120 genus
538 1029 571 1099 in
599 1029 791 1100 conroediis
816 1051 886 1102 non
911 1051 1030 1100 rarum
1056 1036 1120 1101 est.

148 1174 269 1247 Hiatus
295 1199 376 1246 cum
417 1174 536 1248 brevis
574 1176 818 1270 productione
835 1181 1035 1250 coniunctus
1072 1184 1210 1273 praeter

98 1313 132 1360 m
166 1291 299 1361 literam
336 1312 405 1360 non
444 1293 629 1361 invenitur.
671 1291 784 1364 Cuius·
817 1295 868 1363 rei
902 1291 1084 1385 exempla,
1128 1291 1210 1362 cunr

102 1427 207 1502 supra
233 1407 405 1500 adscripta
444 1407 520 1489 sint
559 1405 613 1478 hie
638 1408 752 1501 repeti
787 1405 871 1478 nihil
907 1424 993 1502 opus
1025 1412 1090 1477 est.
1118 1402 1209 1476 Earn

100 1528 232 1607 autem,
263 1544 351 1616 quae
378 1525 453 1593 sine
480 1520 571 1593 hiatu
608 1520 656 1607 fit,
685 1522 946 1617 productionem
983 1526 1152 1592 testantur
1171 1519 1210 1589 lli

100 1657 238 1707 versus:

174 1784 306 1856 Deinde
331 1785 464 1879 pollens
491 1787 623 1876 sagittis
741 1784 890 1856 inclutus
918 1794 1134 1858 arcutenens.

179 1881 323 1954 Sanctus
350 1880 491 1976 Delphis
518 1889 704 1975 prognatus
743 1881 890 1972 Pythius
915 1883 1052 1978 Apollo.

173 1979 226 2050 Ne
252 1983 422 2071 qnairatrs
449 1979 580 2050 honore
738 1984 816 2072 quei
841 1983 959 2053 minus
985 1984 1029 2052 sit
1058 1987 1205 2051 mactus.
1260 2001 1262 2005 ·
1302 2039 1312 2070 ,

173 2076 316 2147 Runcns
344 2085 443 2171 etque
469 2076 669 2171 Purpureus
743 2076 979 2165 lilii„terras.

177 2175 293 2246 Simul
319 2174 408 2245 alins
435 2175 571 2247 aliunde
744 2179 909 2247 rumitant
933 2178 1021 2247 inter
1047 2196 1099 2246 sc.

99 2340 219 2436 Itaque
244 2343 363 2413 ultime
391 2341 519 2436 syllaba
551 2341 750 2436 producitur
786 2343 822 2411 in
854 2339 1069 2412 diaeresibus
1108 2348 1142 2411 et
1172 2344 1207 2411 in

101 2460 217 2553 prima
242 2461 324 2542 arsi,
353 2479 395 2528 ea
421 2464 553 2541 tamen,
582 2477 670 2548 quae
707 2476 860 2526 consona
898 2453 1076 2526 clauditur.
1116 2451 1208 2526 Nam

101 2575 136 2644 in
162 2573 230 2644 illis
255 2576 389 2659 insece,
417 2571 555 2656 ordine,
575 2575 663 2656 nita,
684 2570 759 2641 aliis
784 2572 946 2651 vocalem
972 2591 1041 2641 non
1068 2570 1156 2641 ersis
1173 2572 1210 2641 vi

102 2687 244 2784 produci
270 2686 438 2770 vidimus,
467 2689 500 2756 io
529 2709 571 2757 eo
597 2694 723 2767 eutem,
751 2685 841 2781 quod
867 2694 931 2756 est:

202 2853 292 2940 Ques·
317 2857 415 2950 apice
442 2856 578 2945 insigna
604 2852 703 2924 dialis
777 2850 928 2922 flaminis
955 2851 1112 2943 gesistci,

103 3026 223 3094 nescio
249 3044 292 3092 en
317 3031 412 3092 recte
437 3021 666 3091 iudicaverint
689 3017 839 3091 Wellius
866 3026 901 3091 et
925 3017 1148 3090 Benloewius
1174 3040 1209 3113 p.

106 3139 151 3210 94
176 3161 209 3207 m
234 3138 367 3208 literam
393 3136 578 3221 excidisse,
605 3136 701 3205 utin
727 3134 853 3205 eodem
891 3133 1005 3225 elogio
1042 3135 1142 3222 apice
1180 3139 1213 3202 et

105 3257 239 3347 premio
265 3255 431 3346 scriptum
458 3259 525 3323 est.
555 3248 630 3335 Quo
656 3252 729 3319 iure
756 3247 915 3320 homines
941 3245 1030 3317 docti
1055 3245 1172 3336 legant

178 3422 294 3494 Facile
318 3420 440 3492 lacteis
467 3440 652 3516 snperases
727 3418 875 3511 gloriam
901 3419 1085 3497 maiorum,

107 3595 171 3688 ipsi
193 3590 355 3662 viderint:
384 3612 496 3683 neque
522 3589 612 3659 enim
638 3585 908 3657 demonstratum
938 3588 1005 3667 est,
1025 3579 1088 3651 hoc
1105 3599 1125 3648 e
1143 3575 1212 3649 ab·

109 3707 202 3777 lativi
229 3727 321 3776 esse.

159 3822 226 3894 Sed
251 3826 388 3916 praeter
404 3801 477 3889 ¹hoe
501 3815 711 3914 producendi
739 3833 850 3907 genus
879 3812 1054 3902 antiquam
1071 3804 1212 3879 ultima-

16 3934 21 3942 ’
110 3957 188 4006 rum
214 3934 458 4028 longitudinem
484 3936 519 4002 in
552 3930 708 4002 Saturnio
746 3948 852 4021 saepe
883 3941 1029 3996 numero
1060 3941 1211 4014 usurpa-

111 4059 181 4123 tam
207 4072 289 4123 esse
314 4049 477 4121 vidimus.
505 4047 671 4120 Producte
698 4045 800 4137 igitur
824 4041 911 4113 dicta
940 4042 1020 4110 sunt
1043 4059 1067 4107 a
1086 4038 1124 4223 pn
1141 4056 1212 4108 no-
