2746 4530
655 311 703 395 aa

171 536 318 607 aeneas
332 539 374 623 si,
390 544 426 605 ut
440 535 542 620 solet,
555 531 672 604 media
685 533 851 627 producta
864 534 1012 625 legatur,
1028 552 1240 612 versusuon

125 650 288 724 labascet.
319 651 386 723 Sed
404 651 498 722 nulla
513 671 617 720 causa
633 654 780 731 cst-cur
797 657 976 744 poetarum
996 650 1236 748 dactylicorum

124 768 318 863 appellandi
338 771 518 851 rationem,
540 785 663 859 quaec
682 768 781 833 metri
797 773 919 836 natura
937 768 1097 860 pendeat,
1125 772 1240 866 potius

125 900 226 973 quum
242 881 443 966 Pindarum,
464 883 521 972 qui
535 880 661 949 dixerit
673 874 793 955 Αἰνέας
808 877 943 974 Olymp.
962 883 996 968 6,
1010 885 1054 956 88
1072 880 1188 981 (1³50),
1205 888 1239 958 in

126 1016 226 1066 versu
235 995 406 1067 trochaico
422 1016 622 1087 sequamur.
635 991 836 1064 lmmovero
846 990 965 1072 Αἰνέας
978 998 1147 1092 pedestris
1162 1024 1236 1073 οη.

125 1113 222 1181 tionis
238 1109 343 1180 forma
357 1128 438 1180 csse
451 1109 587 1179 videtur
592 1102 1127 1208 ‚utlllsliotc‚Msperlder,’Opoiea,
1138 1125 1240 1212 atque

125 1225 247 1318 legitur
266 1225 353 1321 apud
371 1224 602 1318 Thucydidem
615 1222 679 1311 lv,
697 1223 765 1296 119
782 1232 817 1294 et
833 1227 867 1294 in
885 1248 953 1298 uon
968 1230 1068 1299 nullis
1082 1233 1239 1303 editioni·

126 1337 185 1411 lus
197 1339 435 1434 Xenophontis
455 1337 568 1409 Anah.
589 1337 700 1424 lV,7,
715 1338 758 1410 13
778 1347 812 1409 et
824 1337 961 1412 Hellen.
974 1342 1055 1429 Vll,
1068 1343 1101 1431 3,
1114 1346 1238 1431 1,iam·

128 1450 186 1525 lus
212 1462 327 1526 autem
352 1463 386 1524 et
402 1453 584 1524 trochacus
600 1453 703 1523 multo
720 1457 900 1548 propiores
920 1467 998 1527 sunt
1023 1458 1064 1528 ad
1079 1483 1238 1531 commu-

129 1569 176 1640 nis
198 1573 299 1648 vitae,
315 1568 429 1653 u'sum,
450 1590 550 1661 quam
570 1549 735 1665 dactylus.
758 1569 826 1638 Sed
856 1569 942 1640 haec
967 1572 1149 1646 hactenus:
1171 1578 1239 1646 iam

130 1683 212 1753 unde
229 1680 375 1777 profecti
393 1703 525 1768 sumus,
542 1681 737 1752 redeamus.
759 1680 893 1779 Nempe
912 1686 981 1755 dixi
996 1689 1031 1757 in
1055 1691 1239 1784 inscripti-

131 1796 244 1869 onibus
269 1798 399 1869 nullum
429 1795 502 1867 lere
527 1795 634 1867 thesis
653 1795 716 1868 hoc
735 1796 1016 1893 locoproductae
1041 1802 1237 1898 exemplum

133 1914 283 2000 inveniri,
311 1915 412 2008 idque
438 1922 505 1983 tam
533 1934 641 1999 grave
660 1935 741 1984 esse
759 1917 937 2002 existimo,
969 1924 1008 1986 ut
1032 1939 1238 2012 quocunque

135 2026 275 2099 inversu
288 2027 486 2099 huiusmodi
503 2025 641 2097 licentia
659 2030 777 2100 inesse
794 2029 967 2115 videatur,
984 2054 1062 2102 eum
1083 2012 1254 2126 diligen-'

135 2140 252 2212 tissime
277 2141 553 2214 examinandum
579 2164 660 2214 esse
686 2141 846 2216 arbitrer.
884 2141 972 2216 Nam
1000 2149 1034 2216 iu
1059 2168 1114 2231 co,
1147 2148 1239 2242 quod

137 2252 164 2320 in
179 2252 343 2351 Scipionis
360 2253 501 2325 Barbati
519 2255 633 2347 elogio
653 2257 791 2348 legitur,

177 2455 328 2532 Gnaivod
345 2466 442 2555 patre
459 2465 649 2554 prognatus
758 2457 859 2530 fortis
879 2462 932 2529 vir
950 2462 1171 2554 sapiensque,

140 2658 278 2751 tlittera,
298 2672 336 2735 ut
358 2667 393 2735 in
412 2667 504 2736 omni
522 2667 636 2758 prisca
653 2656 896 2734 Romanorum
924 2666 1037 2757 poesi,
1066 2685 1148 2733 cum
1166 2686 1237 2734 ex-

140 2775 180 2842 liu
193 2780 296 2850 ictum
320 2780 375 2867 sit,
398 2781 606 2874 positionem
632 2800 701 2851 non
726 2775 817 2847 lacit.
865 2775 952 2862 Quid
978 2779 1067 2871 quod
1092 2781 1127 2849 iu
1151 2781 1238 2873 ipsis

142 2881 320 2986 Scipionum
369 2893 491 2987 elogiis
535 2892 688 2988 pedestri
728 2893 886 2964 oratione
921 2894 1089 2987 scriptum
1124 2901 1239 2966 exstat

142 2995 171 3073 la.
189 3007 359 3081 Cornelio.
386 3006 423 3080 L.
443 3009 472 3098 f.
493 3006 644 3100 Scipio?
668 3005 708 3077 ln
726 3028 802 3101 quo,
815 3005 980 3078 Cornelio
997 3029 1061 3102 pro
1078 3028 1123 3077 eo
1141 3028 1237 3094 esse,

143 3122 213 3208 quod
236 3132 289 3196 ast
313 3123 500 3195 Cornelios
529 3122 589 3193 vel
615 3120 826 3211 Cornelias,
858 3122 1093 3193 nominativus
1117 3119 1239 3212 Scipio

145 3232 302 3324 aurificae
341 3236 433 3308 Male
450 3240 555 3330 igitur
571 3232 738 3318 fecerunt,
767 3236 825 3327 qui
842 3236 877 3303 in
894 3234 933 3304 L.
947 3219 1109 3305 'Cornelii
1127 3230 1193 3304 Gn.
1210 3230 1236 3303 f.

145 3341 292 3444 Scipionis
311 3351 426 3442 elogio
442 3351 562 3424 locum
580 3354 745 3422 extritum
763 3351 810 3418 ita
828 3351 1071 3420 restituerunt:

222 3555 343 3628 Annos
359 3563 486 3647 gnatus
504 3554 648 3646 viginta
677 3643 681 3660 ,
755 3552 786 3620 rs
805 3547 950 3643 (ultera)
970 3526 1179 3618 manuaus'

147 3753 247 3852 quique
265 3761 466 3855 supplerunt
483 3758 608 3842 tercia,
628 3755 713 3839 leto,
730 3751 862 3824 leodici
879 3758 926 3841 ct,
947 3758 984 3820 ut
1000 3771 1106 3821 omne
1123 3769 1239 3842 genus

147 3875 338 3947 coniecturas
352 3874 416 3946 hoc
432 3873 510 3944 loco
529 3872 710 3963 attingam,
722 3871 778 3962 qui
798 3864 1130 3953 duodeuicenis,
1151 3886 1241 3959 quae

148 3980 210 4080 ideo
229 3989 320 4060 male
348 4012 387 4061 se
412 3986 553 4075 halent,
586 3985 676 4079 quod
700 4004 825 4055 versus
842 3981 989 4078 duplicis
1006 3989 1128 4053 natura
1145 4002 1241 4071 ueg-

147 4094 216 4172 lectu
237 4102 527 4195 monosyllabum,
557 4098 643 4194 quod
671 4097 715 4170 ud
731 4099 904 4193 posterius
922 4093 1240 4280 dimidiuupperti-
