2746 4530
150 521 318 609 Quoniam
345 532 456 594 autem
484 527 517 594 in
543 545 649 594 versu
675 526 733 616 qui
759 524 880 594 dicitur
906 528 1059 610 metrico,
1086 527 1206 618 quales

100 634 309 708 Graecorum
336 645 371 706 et
393 636 625 708 Romanorum
651 634 802 721 fuerunt,
831 645 865 707 et
889 637 1023 730 quidem
1048 633 1207 709 inversu

98 751 270 837 Saturnio,
299 754 448 844 quinon
475 751 517 820 ab
543 755 638 821 omni
664 760 763 845 parte
788 752 975 822 secundum
1000 755 1082 823 artis
1098 773 1206 846 prae-

99 875 200 960 cepta
227 865 334 937 faetus
361 874 426 950 est,
456 868 585 937 arsium
610 874 645 936 et
668 866 819 937 thesium
845 866 1028 938 discrimen
1064 890 1084 937 e
1117 889 1207 960 pro-

99 981 275 1052 ductarum
318 990 353 1052 et
377 987 619 1076 correpturum
645 985 798 1076 positura
824 983 960 1077 pendet,
991 983 1127 1070 thesim,
1157 1006 1202 1054 ne

99 1117 223 1166 versus
250 1093 467 1174 dubiosum,
496 1105 590 1165 certo
617 1095 729 1188 aliquo
755 1096 830 1166 loco
855 1097 1057 1167 intercidere
1076 1104 1204 1191 putan-

98 1209 181 1280 dum
209 1219 271 1281 est.
299 1208 383 1280 Nam
411 1210 566 1302 singulas
593 1213 627 1280 in
654 1211 815 1282 alterutro
842 1211 1055 1282 hemisticbio
1081 1213 1200 1297 omitti,

100 1345 168 1394 uon
195 1325 312 1418 plures
338 1333 375 1394 et
401 1322 609 1395 Ritscbelius
636 1325 875 1396 animadvertit
901 1333 935 1397 et
960 1322 1099 1395 Plavius
1134 1327 1205 1395 suis

100 1439 283 1510 versiculis
309 1441 436 1510 invitus
463 1437 632 1534 probavit.
662 1439 707 1510 Et
731 1441 867 1534 quidem
885 1450 964 1534 post
979 1442 1122 1534 primam
1144 1462 1206 1507 ar-

100 1555 161 1622 sim
192 1552 227 1622 id
252 1551 327 1622 lieri
353 1574 457 1647 posse
483 1561 663 1648 propterea
689 1577 757 1627 non
791 1554 971 1651 probabile
1010 1565 1076 1641 est,
1117 1552 1206 1647 quod

99 1675 243 1737 metrum
270 1667 347 1737 inde
374 1666 416 1737 ab
448 1656 542 1737 initio
575 1691 718 1762 prorsus
753 1673 918 1741 incertum
951 1669 1060 1740 fieret.
1095 1667 1205 1739 Nemo

101 1785 192 1851 enim
219 1781 370 1852 mortalis
396 1780 484 1851 bunc
509 1804 650 1852 versum
682 1782 791 1854 Plavii
824 1786 962 1876 legerit,
996 1805 1097 1877 quern
1130 1787 1205 1854 eius

100 1905 218 1972 auctor
242 1920 275 1991 p.
307 1897 351 1968 68
378 1898 460 1966 dicit
483 1899 532 1967 sie
558 1897 740 1990 legendum
767 1922 860 1972 esse:

209 2026 434 2120 Pulcramque
461 2033 606 2099 exedre
705 2033 907 2125 vestemque
934 2033 1106 2101 citrosam.

99 2157 219 2252 Neque
245 2160 362 2229 ultima
390 2159 496 2231 thesis
521 2165 629 2232 omitti
654 2171 778 2256 potest,
807 2167 887 2258 quin
921 2164 1117 2234 alterutrum
1148 2159 1207 2230 di-

101 2274 238 2345 midium
264 2296 326 2369 pro
363 2274 523 2346 trochaeo
556 2279 589 2346 in
628 2275 776 2347 iambum
816 2300 925 2370 nequa
968 2298 1045 2348 eum
1083 2296 1205 2370 purum

102 2396 214 2473 exeat,
243 2389 277 2458 id
303 2389 393 2480 quod
417 2412 592 2482 nunquam
618 2389 692 2462 fieri
718 2414 821 2486 supra
846 2392 1117 2463 demonstratum
1136 2395 1201 2459 est.

104 2501 222 2575 Restat
246 2507 350 2596 igitur
375 2505 482 2576 thesis
509 2508 639 2593 media,
666 2507 700 2578 id
725 2518 790 2594 est,
819 2530 906 2600 quae
933 2508 1116 2579 diaeresim
1143 2527 1206 2575 se-

101 2623 224 2711 quitur,
253 2642 319 2713 quo
346 2619 420 2691 loco
447 2621 574 2692 nullum
602 2644 682 2693 esse
718 2627 881 2718 aptiorem
915 2621 957 2692 ad
989 2619 1204 2692 intervallum

103 2756 245 2804 vacuum
274 2735 505 2828 recipiendum
524 2759 587 2830 per
604 2759 641 2807 se
659 2737 881 2830 intellegitur.
903 2735 1009 2832 quue
1027 2739 1061 2805 in
1078 2753 1204 2804 exem-

106 2851 169 2946 plis
198 2855 324 2921 nostris
363 2850 636 2922 animadvertere
675 2851 766 2922 licet.
808 2850 942 2922 Deinde
974 2853 1009 2920 in
1047 2845 1205 2919 omnibus

100 2964 273 3043 versibus,
300 2966 358 3057 qui
383 2962 425 3033 ab
443 2969 535 3035 omni
553 2969 741 3060 suspitione
761 2964 860 3037 liberi
891 2977 981 3048 sunt,
1002 2967 1086 3051 arsi,
1117 2982 1205 3054 quae

101 3078 223 3151 thesim
257 3081 496 3170 insequentem
535 3079 701 3171 deprimit,
740 3087 899 3174 correpta
936 3079 1043 3150 thesis
1081 3077 1203 3159 anteit,

101 3196 196 3286 quasi
224 3216 265 3262 ea
291 3195 359 3262 arsi
385 3193 468 3263 ordo
501 3198 661 3265 metricus
695 3194 905 3264 absolvatur.
940 3193 1063 3284 Neque
1096 3187 1205 3260 solum

100 3310 132 3378 in
174 3309 363 3403 posteriore
405 3307 637 3394 hemistichio,
681 3311 777 3377 cuius
819 3310 928 3402 prima
973 3306 1079 3377 thesis
1122 3302 1205 3398 ple-

101 3442 243 3514 rumque
280 3424 470 3514 corripitur,
509 3421 540 3491 id
575 3443 712 3515 semper
743 3420 922 3492 observari
955 3417 1204 3491 animaduerti-

101 3559 188 3621 mus,
218 3558 337 3607 verum
365 3539 466 3606 etiam
492 3538 525 3605 in
552 3538 679 3630 priore,
720 3538 754 3605 in
794 3559 861 3629 quo
891 3537 996 3608 thesis
1029 3535 1204 3604 rarissime

103 3655 277 3736 omittitur,
307 3650 566 3742 hocnunquam
605 3649 747 3741 neglegi
772 3651 919 3721 videtur.
960 3647 1046 3719 Nam
1072 3650 1107 3717 in
1145 3667 1201 3731 eo,

101 3766 189 3859 quod
215 3768 326 3835 estin
352 3762 391 3834 L.
421 3762 572 3835 Cornelii
598 3764 662 3834 Gn.
693 3763 717 3834 f.
746 3766 918 3858 Scipionis
944 3765 1072 3855 elogio,

208 3917 335 3984 Aetate
361 3934 620 4009 quomvparva
694 3912 825 4005 posidet
850 3913 912 3983 hoc
939 3933 1095 3995 saxsum,

104 4083 295 4155 quanquam
322 4061 458 4144 ordine,
478 4068 587 4154 patre
613 4062 729 4133 ultima
754 4062 916 4157 producta
941 4064 1027 4134 dicta
1047 4084 1126 4134 esse
1144 4063 1203 4132 vl-
