3026 4706
706 382 775 454 121

186 591 282 678 Quae
307 597 337 665 si
367 615 443 666 cum
460 591 548 665 Livii
570 595 734 666 versione
752 613 1003 686 comparemus,
1023 591 1113 686 quod
1132 588 1294 661 Bueobe-

185 709 283 781 ierus'
306 708 529 782 scribendum
559 711 715 802 coniecit,
753 709 848 780 douc
887 709 1031 779 deorum
1067 716 1145 778 ante
1183 708 1297 777 omnin
1353 775 1356 780 .

185 829 291 920 recipi
317 835 476 922 oportere
503 825 669 897 fateamur
692 847 840 897 neeesse
866 835 931 896 est.
952 823 1089 916 Fruges
1108 825 1209 904 euim,
1231 844 1297 892 ea-

95 1031 98 1038 s
186 961 238 1023 ro,
266 942 383 1011 viuum
407 941 495 1012 dona
524 949 603 1012 sunt
627 939 779 1027 Cereris
822 941 947 1024 Panos,
988 937 1117 1009 Liberi.
1153 938 1216 1007 Pro
1254 957 1298 1006 eo

186 1061 318 1141 tumen,
346 1055 436 1148 quod
462 1063 516 1126 est
540 1055 654 1140 simut,
681 1058 868 1147 quominus
892 1053 1045 1124 eiusdem
1064 1057 1207 1124 invento
1230 1057 1301 1144 fa-

186 1169 300 1238 mulae
322 1178 471 1252 utamur,
498 1167 667 1238 Graecum
695 1168 763 1261 ἅμα
795 1169 946 1264 impedit.
982 1168 1049 1239 Sed
1081 1168 1145 1239 boc
1176 1170 1298 1237 mirum

186 1283 336 1370 videtur,
364 1284 468 1376 quod,
498 1305 575 1354 cum
602 1284 693 1378 apud
719 1281 909 1354 Homerum
936 1284 1074 1369 Circen,
1106 1303 1194 1376 quae
1211 1302 1298 1351 mox

188 1396 341 1468 locutura
367 1407 474 1484 esset,
504 1400 613 1492 ipsam
640 1397 826 1470 advenisse
845 1399 972 1470 diserte
990 1399 1114 1468 dictum
1133 1400 1189 1480 sit,
1211 1393 1300 1489 apud

129 1554 133 1560 ·
187 1508 322 1584 Livium
348 1517 424 1584 eius
452 1513 622 1583 adventus
647 1511 741 1582 nulia
774 1510 816 1582 fit
839 1515 978 1598 mentio,
1007 1531 1207 1605 quanquam
1234 1509 1301 1580 ad-

106 1643 108 1648 ’
188 1627 346 1700 verbium
372 1636 510 1722 topper,
537 1629 626 1722 quod
651 1638 688 1698 ut
714 1626 883 1698 Graecum
911 1626 987 1719 aar
1008 1627 1080 1696 ὦκα
1099 1626 1141 1697 ad
1159 1624 1298 1708 Circen,

189 1764 260 1814 non
286 1743 328 1813 ad
353 1743 492 1816 Ulixem
518 1741 642 1812 referri
668 1742 804 1825 debeat,
847 1745 981 1836 inipso
1018 1743 1114 1814 initio
1156 1740 1296 1831 legitur.

190 1856 468 1943 Quamobrem
508 1858 718 1929 adiectivum
748 1862 812 1928 citi
844 1855 1082 1927 Guentberum
1114 1862 1300 1950 sequentes

189 1976 226 2043 in
254 1972 456 2044 adverbium
484 1970 544 2042 ubi
568 1972 792 2057 mutabimus,
821 1975 1024 2065 praesertim
1051 1975 1080 2043 si
1097 1969 1303 2041 considera-

190 2092 358 2174 verimus
387 2088 589 2160 adverbium
617 2095 744 2180 topper
768 2110 831 2182 per
847 2087 895 2170 id,
916 2087 1007 2181 quad
1026 2094 1081 2157 est
1095 2089 1179 2170 cito,
1201 2082 1301 2154 modo

190 2202 401 2296 explicatum
444 2225 540 2289 esse,
584 2211 620 2272 ut
657 2209 796 2297 praeter
832 2203 1010 2272 literarum
1049 2199 1303 2273 similitudinem

192 2314 476 2409 interpretatione
515 2316 676 2388 librarius
714 2320 750 2386 in
793 2338 946 2387 errorem
988 2316 1181 2386 duceretur.
1226 2310 1302 2382 Huc

193 2427 336 2514 accedit,
364 2429 466 2522 quad,
497 2433 526 2503 si
552 2431 646 2524 prior
672 2451 797 2514 versus
824 2433 1033 2500 enuntiatum
1060 2451 1123 2523 per
1154 2449 1193 2498 se
1226 2425 1306 2496 etii-

191 2549 300 2626 ceret,
320 2551 443 2613 'cetera
471 2541 668 2615 adscribere
706 2543 790 2614 nibil
827 2539 913 2638 opus
948 2548 1035 2613 erat.
1071 2541 1168 2627 Quae
1201 2561 1305 2610 causa

194 2656 295 2726 simui
320 2655 444 2742 obstat,
472 2679 517 2728 ne
543 2678 683 2728 versum
711 2657 926 2729 intercidisse
952 2666 1125 2751 putemus,
1147 2677 1212 2749 qua
1231 2655 1303 2727 (iir-

194 2789 235 2838 ce
262 2767 449 2842 advenisse
475 2770 742 2863 significaretur,
770 2769 843 2842 iere
869 2770 931 2842 h0c
958 2793 1083 2863 genus:

301 2969 460 3042 Rescivit
484 2971 570 3042 haec
596 2965 761 3064 venitque
860 2994 898 3041 re
926 2973 1040 3042 statim
1065 2978 1195 3064 parata.

196 3155 288 3226 Nihil
313 3160 416 3249 igitur
440 3157 609 3249 reliquum
635 3166 699 3241 est,
729 3159 795 3227 nisi
820 3165 855 3252 ut
889 3156 1008 3227 Circes
1049 3156 1231 3226 adventum
1269 3158 1305 3226 in

197 3273 347 3344 secundo
372 3260 478 3344 versu
505 3296 723 3372 quaeramus,
752 3277 946 3368 quostiam
974 3295 1047 3344 vox
1079 3278 1205 3362 topper
1242 3293 1306 3340 re-

197 3386 335 3458 feratur.
363 3390 478 3482 Atque
504 3387 558 3458 bic
583 3387 726 3486 verbum
770 3394 924 3480 portant,
964 3389 1125 3481 quonium
1163 3366 1306 3455 metrum
1508 3451 1509 3482 ,

198 3498 322 3584 turbat,
351 3498 489 3590 dubium
514 3508 675 3582 nonest,
704 3503 785 3592 quin
812 3501 1012 3571 mendosum
1040 3503 1093 3568 sit.
1116 3497 1210 3590 Ergo
1228 3519 1309 3565 mu·
1422 3505 1427 3518 ‘
1508 3483 1509 3496 ¹

199 3622 290 3685 tetur
315 3616 349 3682 in
375 3611 521 3683 verbum
545 3614 710 3704 protulit,
739 3614 829 3706 quod
855 3622 890 3684 et
914 3611 1034 3683 Circes
1062 3611 1250 3682 adventum
1275 3617 1310 3680 et

199 3728 289 3800 dona
315 3726 357 3797 ab
386 3750 427 3796 ea
455 3726 567 3798 oblata
594 3726 851 3822 complectatur.
881 3725 955 3810 Quo
981 3724 1083 3810 iacta,
1113 3725 1197 3797 duas
1215 3727 1309 3819 opti-

201 3865 275 3914 mos
304 3863 431 3913 versus
457 3840 672 3912 babebimus:

298 4023 444 4119 Toppsr,
472 4021 537 4095 ub1
563 4023 605 4093 ad
631 4023 726 4094 aedis
800 4025 960 4095 venimus
986 4023 1119 4105 Circae,

299 4120 406 4192 Simul
432 4121 520 4192 dona
546 4119 688 4191 deorum
803 4120 952 4214 protulrt
977 4121 1017 4190 ad
1043 4124 1157 4190 navis.
