2746 4530
658 273 703 349 ti

174 483 359 555 Productus
387 492 514 569 autent,
543 488 619 556 sive
645 487 687 556 in.
704 487 774 557 arsi
799 488 876 558 sive
901 488 935 557 in
960 483 1048 567 thesi
1073 489 1152 567 sint,
1172 483 1233 556 fa·

124 599 249 670 cilliane
275 598 375 681 solvi,
401 600 510 670 multa
535 597 699 695 exempla
714 597 920 691 significant.
942 599 1057 693 Atque
1084 599 1233 671 thesium
1275 596 1277 600 ’

126 714 317 785 solutarum
343 714 502 809 exempla
528 716 563 785 in
589 712 864 810 inscriptionibus
891 721 970 786 sunt
993 716 1087 785 haec:

173 878 329 951 Gnaivod
356 888 453 975 patre
478 891 663 976 prognatus
772 881 870 953 fortis
895 884 950 953 vir
976 885 1202 976 stipiensque.

174 976 321 1070 Sirbigtt
348 999 451 1049 omne
475 976 671 1050 Loucanam
772 979 980 1074 opsidesque
1005 977 1175 1051 ahdoucit.

174 1073 264 1160 Ques·
289 1072 427 1171 dpicem
453 1077 588 1168 insigne
614 1077 711 1148 dialis
771 1076 923 1148 flaminis
949 1077 1107 1168 gesistei.
1164 1076 1167 1081 ’

174 1170 311 1256 Quotus
339 1175 393 1244 sei
420 1175 452 1242 in
473 1173 577 1265 ionga
600 1174 744 1245 ltcaiset
771 1173 840 1244 tihe
867 1177 957 1245 utier
981 1178 1064 1246 vita.

172 1268 290 1339 Facile
315 1267 436 1340 iacteis
464 1274 650 1364 sdptrases
769 1272 921 1365 gloriam
946 1274 1120 1342 maiorum.

171 1364 297 1458 Magna
325 1368 498 1460 sipientia
767 1369 959 1461 multasque
986 1372 1144 1440 virtutes

172 1462 327 1534 Decima
355 1462 443 1532 iacta
469 1465 627 1558 poloucta
766 1464 929 1537 deibereis
954 1464 1126 1536 lubentes.

170 1559 284 1630 Duotu
309 1566 470 1654 auspicio
498 1564 712 1656 imperioque
761 1565 836 1634 eius
861 1561 995 1635 Achaia
1020 1570 1131 1657 capta.

172 1656 309 1729 Corinto
335 1657 447 1728 deleto
763 1658 908 1730 Rornam
946 1662 1072 1732 redieit
1108 1659 1232 1728 trium-

1054 1761 1181 1851 phans.

123 1867 224 1965 Apud
249 1866 420 1938 Naevium
447 1867 544 1938 haec:

170 2018 308 2095 Inerant
333 2023 434 2111 signa
460 2042 628 2111 expressa
730 2018 732 2026 '
759 2022 931 2116 quomodo
956 2022 1080 2094 Titani.
1130 2100 1134 2109 ,

169 2116 277 2200 Quam
305 2139 381 2186 cunr
407 2124 522 2213 stupro
546 2118 660 2190 redire
761 2118 804 2188 ad
831 2141 912 2193 suos
940 2119 1130 2217 ptpdlaris.

170 2213 245 2285 Urit
270 2214 452 2308 pdpiriatur
479 2222 603 2299 vastat,
755 2240 828 2286 rem
853 2216 1001 2288 hostiurn
1033 2220 1227 2287 concinnat.

169 2309 372 2407 superbiter
397 2314 615 2407 contemptim
762 2317 907 2384 conterit
934 2314 1107 2407 legiones.

170 2405 272 2478 Obiiti
299 2415 377 2478 sunt
400 2406 531 2479 Rornae
762 2409 900 2506 loquier
927 2411 1045 2503 lingua
1071 2412 1185 2482 latina.

123 2556 224 2653 Apud
250 2556 383 2627 Liviurn
410 2558 508 2627 haec:

170 2706 365 2799 Celsosque
391 2710 479 2778 ocris
507 2721 661 2798 arvaque
759 2711 870 2803 putria
896 2714 929 2776 et
954 2711 1050 2777 mara
1067 2729 1229 2800 magnum

170 2803 292 2875 Utrum
319 2808 435 2894 genta
461 2804 671 2897 amploctens
758 2806 926 2895 virginem
954 2811 1079 2873 oraret.

171 2901 331 2972 simulac
359 2901 526 2971 lacrimas
553 2900 594 2968 de
621 2921 681 2969 ore
757 2921 893 2991 noegeo
919 2899 1073 2970 detersit.

126 3052 270 3122 Ansium
299 3052 488 3121 solutarum
515 3051 676 3144 exempla
709 3054 951 3146 inscriptiones
983 3052 1071 3122 haec
1096 3074 1230 3147 suppe-

123 3165 243 3236 ditant:

169 3314 243 3385 Hec
267 3318 358 3408 cepit
383 3313 524 3386 Corsica
761 3313 949 3410 Aleriaque
975 3315 1073 3386 urbe.

168 3413 287 3484 Honos
313 3411 403 3482 fama
429 3416 607 3505 virtusque
755 3414 869 3504 glorio
902 3423 1003 3507 atque
1035 3416 1224 3505 ingenium.

169 3509 285 3595 Quare
313 3508 425 3580 libens
452 3518 486 3578 tc
510 3513 546 3580 in
571 3510 718 3601 gremio,
751 3513 1046 3605 Scipiovrecipit.

167 3607 266 3677 Donu
293 3606 421 3676 danunt
444 3603 605 3677 Heraclei
752 3612 1117 3702 maxsumevmdrtto.

127 3765 203 3844 tivit
231 3771 366 3844 Odissia
393 3772 489 3844 haec:

169 3937 310 4023 Quando
336 3938 409 4009 dies
437 3941 611 4030 adventet,
745 3963 845 4034 quern
871 3939 1006 4036 profata
1031 3938 1185 4010 Mortast.

171 4035 240 4107 Aut
264 4041 299 4106 in
325 4036 444 4130 Pylum
472 4038 663 4111 adveniens
743 4048 801 4110 aut
825 4038 878 4111 ibl
903 4043 1132 4110 ommentans.
