2746 4530
691 207 798 331 z„

147 461 300 548 legisset,
326 485 432 557 propo
459 462 629 533 affirmare
656 466 779 550 ausim,
807 486 882 534 enm
906 466 969 535 vix
992 462 1098 532 ullum
1117 480 1259 543 versuto

145 575 363 647 inventurum
396 576 518 662 luisse,
545 599 648 670 quem
673 599 743 652 non
767 585 887 671 posset
902 576 1051 671 exempli
1067 598 1171 646 causa
1189 595 1258 668 porr

145 713 243 761 nere.
271 690 357 761 Nam
385 691 553 783 siquidem
579 714 643 762 nos
662 714 723 786 pro
750 699 820 762 tam
847 696 973 784 exiguo
999 693 1258 784 inscriptionum

145 806 379 879 Saturniamm
399 831 542 879 numero
569 818 622 880 sot
648 809 769 879 multos
795 812 941 903 optimos
967 829 1092 878 vorsus
1119 809 1258 902 reperi-

145 946 238 1012 muS,
262 924 321 995 ille
347 928 381 994 in
410 946 535 1016 magno
559 946 665 1014 opere
690 925 872 995 clarissimi
898 931 1023 1018 poetae
1048 931 1141 994 certe
1174 923 1257 1018 plu-

146 1060 205 1108 res
232 1041 392 1109 invenire
418 1047 565 1133 poterat,
594 1044 621 1110 si
649 1042 873 1134 inspexisset.
911 1038 978 1110 Sed
1002 1047 1092 1109 totus
1118 1038 1173 1123 hic
1199 1039 1258 1109 lo-

145 1174 208 1222 cus
235 1176 255 1224 e
281 1153 383 1224 Marii
408 1152 578 1223 Victorini
607 1152 704 1224 Artis
731 1157 976 1245 grammaticae
1000 1151 1032 1221 ·l.
1067 1150 1115 1222 Ill
1146 1175 1176 1222 c.
1212 1153 1257 1225 18

144 1289 252 1362 prope
279 1268 491 1339 adverbum
519 1291 712 1363 expressus
739 1276 804 1354 est,
831 1269 891 1340 vel
916 1269 1039 1358 dicam,
1071 1268 1258 1362 impuden-

143 1384 277 1452 tissime
305 1391 496 1476 surreptus:
518 1405 596 1453 nam
623 1405 693 1453 non
720 1383 820 1454 modo
846 1392 1018 1453 auctorem
1045 1405 1114 1454 non
1139 1385 1259 1455 nomi-

143 1505 215 1582 nat,
245 1499 307 1568 sod
334 1498 571 1569 additamentis
609 1498 811 1590 quibusdam
848 1497 1033 1569 lectoribus
1062 1498 1258 1592 persuade*

145 1635 184 1683 re
212 1614 336 1694 studet,
363 1614 457 1684 nullo
484 1623 624 1685 auctore
650 1636 688 1684 se
714 1636 816 1684 usum
848 1636 943 1684 esse.
971 1613 1022 1683 lta
1043 1617 1132 1684 inter
1156 1611 1257 1684 Marii

145 1728 269 1813 verba,
300 1751 388 1821 quae
415 1752 462 1799 ne
494 1728 625 1823 syllaba
652 1729 789 1821 quidem
815 1735 940 1798 mutata
967 1728 1009 1798 nd
1036 1750 1075 1799 se
1101 1736 1258 1799 transtu·-

145 1841 196 1929 lit,
226 1845 342 1913 iniecit
367 1841 464 1912 haec:
498 1851 554 1912 out
578 1865 665 1913 vere
691 1842 814 1928 dicam,
836 1843 925 1934 quod
943 1849 1120 1936 apparet»,
1142 1862 1258 1934 qnon-

145 1978 246 2049 quom
273 1956 359 2027 haec
385 1960 505 2028 eadem
530 1949 733 2028 Manciam
759 1956 885 2027 dudum
909 1968 1150 2051 apparuerant.
1170 1954 1257 2028 Nam

145 2093 213 2163 ego
239 2071 391 2165 quidem,
421 2071 498 2141 dum
525 2080 706 2164 utrumqne
731 2073 823 2140 inter
855 2093 894 2141 se
919 2091 1101 2164 compono,
1139 2067 1258 2139 facere

144 2208 214 2256 non
240 2208 391 2279 possum,
427 2190 508 2278 quin
543 2208 619 2255 curn
656 2184 841 2255 Streubero
868 2210 901 2279 p.
931 2187 975 2256 47
1004 2206 1056 2278 sq.
1090 2187 1256 2265 sentiam,

144 2297 291 2369 Marium
317 2299 422 2370 Atilio
448 2307 559 2370 aetate
585 2303 761 2370 anteiisse.
784 2299 945 2371 Ceterum
963 2309 998 2371 et
1015 2302 1257 2370 Terentianum

142 2413 302 2486 Maurum
331 2424 365 2485 et
391 2415 550 2486 Servium
575 2418 836 2506 grammaticum
862 2424 897 2485 et
914 2415 1113 2485 Diomedem
1134 2423 1168 2485 et
1184 2413 1256 2485 tta·

143 2533 235 2600 rium
262 2529 406 2600 Plotium
434 2539 468 2601 et
492 2529 636 2607 illariuro
661 2527 874 2599 Victorinum
901 2539 935 2599 et
960 2529 1100 2599 Atilium
1127 2529 1257 2599 Fortu·

143 2645 339 2728 natlonum,
369 2666 456 2736 quae
482 2644 523 2713 de
549 2666 656 2716 versu
683 2642 851 2713 Saturnio.
870 2643 1105 2728 tradidissent,
1133 2646 1257 2737 partim

142 2759 235 2827 inter
261 2778 300 2828 se
326 2758 516 2852 expilasse,
543 2761 665 2854 partim
692 2756 734 2828 ab
762 2757 840 2828 aliis
866 2759 917 2828 rei
944 2760 1108 2828 metricae
1140 2760 1258 2851 scrip·-

143 2871 289 2948 toribus.
336 2895 420 2965 quos
462 2895 530 2943 non
569 2857 742 2962 nouimus,
789 2876 994 2967 sumpsisse,
1034 2880 1257 2943 monumenta

143 2969 376 3081 autem'ipsos
401 3008 576 3080 nunqnam
603 2988 745 3073 adiisse,
775 2999 927 3085 apparet.
955 2989 1075 3082 ltaque
1102 2993 1257 3084 quisquis

141 3120 263 3169 eornm
287 3100 330 3170 de
355 3123 459 3171 vorsu
480 3100 638 3171 Saturnio
658 3102 784 3196 aliquid
802 3107 964 3198 scriptum
995 3105 1145 3197 reliquit,
1172 3105 1258 3176 nul-
1290 3097 1293 3108 ’

141 3209 177 3280 la
202 3213 364 3307 exempla
387 3211 530 3285 Liviana
557 3213 692 3286 adferre
717 3219 840 3313 potuit,
867 3216 1049 3298 Naeviona
1076 3218 1174 3290 haec:

264 3415 392 3487 Ferunt
420 3417 556 3513 pulcras
581 3425 768 3502 creterras,
797 3439 921 3489 aureas
947 3418 1105 3512 lepistas.

130 3553 194 3618 et:
1103 3534 1106 3539 ⁴

274 3678 408 3752 Novem
433 3679 535 3754 Jovls
560 3681 750 3753 concordes
775 3679 872 3752 lilino
898 3702 1051 3752 sorores.

140 3862 189 3949 Et
214 3866 351 3960 quidem
378 3870 474 3962 prior
498 3889 623 3940 versus
650 3890 670 3937 a
693 3866 804 3939 llario
834 3864 1014 3939 Victorino
1046 3863 1099 3935 bis
1125 3866 1256 3959 positos

142 3987 213 4070 est,
237 3985 315 4057 siue
341 3987 538 4066 mutatione,
564 3986 613 4056 sio
639 3991 676 4055 ut
700 3983 789 4080 apud
814 4004 878 4059 uos
903 3982 1043 4076 legitur,
1070 3985 1105 4055 el
1128 3983 1257 4071 immuz
1354 3993 1361 4004 “
