2746 4530
661 317 706 393 45

124 542 192 614 quo
218 521 308 592 facto
335 525 503 596 diaeresis
530 531 704 614 amittitur,
735 539 788 631 et¹

226 653 340 738 Quare
367 657 490 728 lubens
516 668 548 730 te
575 663 610 729 in
635 665 823 752 gremium,
853 667 976 759 Scipio,
1006 671 1144 759 recepit.

127 785 226 872 Quae
253 791 456 863 emendandi
482 797 568 863 ratio
607 787 787 887 quominus
826 801 1020 892 recipiatur,
1055 807 1088 868 et
1114 821 1240 870 exem-

127 902 272 996 plorum
295 907 392 997 copia
418 913 452 974 et
487 909 745 1001 inscriptionum
774 908 858 980 fides
885 912 1084 1005 impediunt.
1128 912 1240 998 Quam
1351 901 1365 920 ³

129 1013 172 1087 oh
199 1038 278 1086 rem
304 1017 492 1091 Muellerus
519 1025 552 1092 in
581 1023 830 1117 supplemento,
854 1025 943 1117 quod
970 1026 1012 1096 ad
1038 1026 1132 1098 Festi
1160 1027 1241 1098 edi-

129 1133 257 1201 tionem
283 1133 423 1220 addidit,
452 1159 484 1229 p.
517 1137 584 1208 397
614 1159 734 1209 omnes
772 1139 889 1210 theses
928 1151 1073 1235 excepta
1105 1144 1239 1227 ultima,

129 1250 280 1318 maxime
309 1251 550 1342 paenultimam
578 1255 750 1345 supprimi
778 1275 880 1346 posse
906 1259 1063 1340 coniecit,
1092 1264 1128 1325 ut
1153 1278 1242 1326 ver-

130 1382 191 1432 sus
217 1365 398 1434 Saturnius
424 1346 492 1434 non
522 1366 620 1435 aliter
647 1375 748 1458 atque
775 1364 971 1438 Germanici
997 1375 1139 1440 veteres
1166 1392 1244 1462 pro·

130 1498 174 1571 pe
201 1500 221 1548 e
249 1479 334 1548 solis
362 1478 499 1550 ansibus
530 1489 715 1551 constaret.
761 1481 934 1553 Corsseno
975 1493 1093 1554 autem
1132 1487 1244 1579 prima
1317 1508 1323 1518 ·

132 1593 259 1684 prioris
286 1591 491 1663 hemistichii
518 1603 553 1665 et
578 1595 694 1666 ultima
720 1599 899 1691 utriusquo
927 1599 1013 1669 abici
1052 1622 1155 1694 posse
1181 1602 1242 1670 vi-

92 1790 96 1795 ·
130 1726 192 1775 sae
218 1715 311 1791 sunt,
328 1714 364 1776 ut
378 1730 482 1778 versu
497 1708 575 1779 hinc
589 1718 623 1779 et
644 1710 735 1781 illinc
751 1720 899 1798 resecto,
921 1736 1146 1808 quiaecunque
1164 1736 1243 1784 me-

131 1819 190 1892 dia
217 1830 348 1906 essent,
378 1825 512 1914 integra
539 1832 729 1895 manerent.
772 1824 869 1909 Quod
908 1829 937 1897 si
969 1849 1090 1896 verum
1130 1833 1239 1905 esset,

129 1935 300 2006 eiusmodi
323 1959 450 2008 versus
477 1937 623 2007 iambico
650 1942 747 2008 exire
774 1947 961 2033 oporteret,
990 1949 1026 2009 ut

287 2065 452 2138 Taurasia
482 2068 630 2139 Cisauna
742 2073 876 2143 Samnio
903 2077 1006 2166 cepit.

130 2200 197 2272 Sed
213 2200 376 2287 iambum,
405 2225 472 2295 quo
498 2225 624 2274 versus
643 2203 872 2288 clauderetur,
890 2225 1058 2296 nunquam
1080 2205 1112 2272 in
1132 2225 1243 2296 spon·

131 2317 240 2388 deum
266 2320 388 2387 mutari
415 2340 520 2411 posse
548 2342 587 2387 ac
613 2342 740 2413 purum
779 2322 912 2390 servari
953 2326 1044 2387 recte
1077 2317 1244 2386 animad-

129 2436 236 2502 vertit
262 2432 465 2525 Spengelius
494 2455 525 2524 p.
549 2433 607 2517 84,
637 2435 744 2526 prima
760 2436 881 2502 autem
898 2434 1019 2524 prioris
1035 2431 1238 2501 hemistichii

131 2544 253 2632 thesiS,
277 2545 308 2616 id
328 2555 381 2617 est
400 2549 591 2636 anacrusiS,
609 2568 653 2616 ne
672 2549 904 2630 omitteretur,
933 2545 974 2614 ad
1003 2568 1146 2616 versum
1175 2543 1243 2615 Sa-

133 2665 290 2732 turnium
316 2665 431 2754 quanti
457 2664 660 2745 interesset,
690 2683 796 2754 supra
823 2660 1101 2730 demonstratum
1131 2651 1192 2731 'est
1226 2683 1245 2731 e

133 2797 259 2846 versus
286 2775 431 2869 duplicis
458 2783 591 2845 natura.
621 2774 688 2843 Sed
715 2774 758 2844 de
783 2771 943 2843 lllluelleri
969 2773 1122 2843 doctrina
1150 2773 1246 2844 etde

134 2889 427 2961 Germanicorum
467 2912 638 2959 versuum
679 2888 922 2975 similitudine,
962 2883 1028 2982 qua
1068 2898 1146 2959 ante
1184 2889 1248 2960 hos

136 3011 207 3075 tres
232 3025 340 3074 annos
368 3001 508 3073 Plavius
535 3021 752 3096 magnopere
779 3001 907 3075 abusus
934 3011 999 3090 est,
1029 3003 1143 3096 paullo
1170 3025 1249 3072 am-

136 3118 224 3214 plius
250 3119 494 3190 disserendum
521 3119 667 3188 videtur.
707 3115 761 3187 Ac
799 3123 950 3212 primum
988 3118 1130 3211 quidem
1163 3101 1246 3189 satis

136 3243 283 3332 coaptat,
312 3230 563 3305 Germanorum
600 3242 762 3304 veterum
800 3255 924 3304 versus
963 3234 1249 3325 imcompositos

137 3369 230 3433 esse,
261 3356 296 3418 ut
322 3371 419 3418 arses
446 3348 541 3419 solae
580 3355 860 3436 numerarentur,
899 3347 1015 3416 theses
1048 3355 1158 3416 utrum
1187 3369 1250 3417 es-

138 3470 216 3534 sent
241 3485 365 3548 necne,
394 3461 477 3531 nihil
503 3459 663 3532 referret.
691 3459 786 3544 Quae
812 3482 893 3530 cum
920 3462 968 3530 ita
995 3463 1075 3545 sint,
1106 3460 1164 3530 vel
1195 3460 1250 3531 hic

138 3578 261 3648 narsus
287 3575 465 3646 habendus
492 3583 558 3661 est,
600 3576 655 3667 qui
695 3576 729 3643 in
756 3576 913 3644 carmine
947 3573 988 3644 de
1015 3571 1249 3647 Hildebrando

139 3691 273 3786 legitur,
303 3712 500 3784 quanquam
527 3698 667 3783 praeter
695 3709 793 3759 arses
819 3686 904 3757 nihil
931 3685 1044 3757 hahet:

292 3819 377 3892 Pruit
402 3824 446 3891 ln·
466 3820 568 3906 bilae,
773 3817 858 3888 harn
886 3818 1092 3890 rinwhhshn.

155 3955 254 4029 ¹Sed
286 3957 345 4028 hic
370 3966 531 4029 accentus
566 3963 639 4039 est,
681 3956 751 4050 qui,
793 3977 872 4024 cum
899 3957 1065 4048 cuiusque
1097 3954 1249 4050 syllabae

141 4075 373 4167 propriassit,
400 4073 459 4144 vel
485 4074 561 4144 siue
588 4068 749 4143 thesibus
775 4091 837 4165 per
862 4091 900 4142 se
917 4073 1118 4166 percipitur.
1148 4067 1249 4140 Nulla
