2746 4530
658 258 704 332 56

127 477 281 543 nectere
297 472 554 557 ueterrimuc,a
573 468 684 540 celeri
702 469 911 559 celerrimus,
925 495 945 542 a
958 476 1087 544 misero
1103 476 1237 543 micer-

126 590 245 672 rimer,
264 607 283 654 a
302 582 414 654 libero
431 580 643 674 liberrimae,
664 606 836 677 anupero
852 590 1088 677 oeperrirmre,
1104 607 1122 655 a
1137 610 1235 679 poe-

123 724 214 793 pere
237 701 500 792 pauperrimus,
524 723 540 768 e
565 696 712 785 literam,
740 721 840 793 quam
867 703 902 771 in
933 702 1143 773 nominativo
1175 704 1236 772 vi·

126 815 257 896 demus,
282 815 318 884 in
351 815 475 884 ceteris
513 812 649 884 casibus
686 836 756 884 nou
794 817 888 896 item,
930 815 1096 887 interdum
1136 815 1236 886 radi-

128 935 181 1002 cis
209 938 342 1026 partem
368 948 462 1013 esse,
490 934 528 997 ut
550 927 631 998 olim
658 930 723 998 eici
748 951 816 1000 non
842 931 1003 1024 potuerit,
1031 930 1238 1022 intellegere

128 1046 219 1117 licet.
248 1041 421 1115 Interdum
448 1049 568 1112 autem
592 1051 759 1131 servatur,
784 1043 842 1114 ubi
868 1044 947 1115 elidi
971 1052 1117 1139 poterat,
1146 1052 1183 1114 ut
1199 1047 1235 1116 in

127 1183 182 1247 eo,
212 1157 302 1255 quod
327 1165 381 1229 est
404 1155 507 1246 iiber,
547 1180 628 1227 cum
667 1159 830 1245 solutum,
870 1157 1054 1245 Bacchum,
1088 1181 1235 1254 puerum

127 1271 309 1365 significat,
338 1275 373 1342 in
399 1270 535 1344 casibus
561 1271 707 1365 obliquis
745 1273 896 1362 dexteri,
932 1276 1067 1365 asperi,
1100 1273 1235 1345 Mulci-

127 1388 216 1475 beri,
245 1407 437 1483 qnanquam
470 1389 570 1457 etiam
609 1385 749 1459 brevior
788 1410 908 1458 eorum
945 1386 1058 1460 forma
1096 1390 1132 1459 in
1169 1410 1235 1462 usu

127 1512 211 1586 erat,
238 1504 331 1572 etin
357 1503 412 1586 iis,
442 1522 531 1594 quae
557 1510 636 1570 sunt
660 1507 782 1592 extra,
809 1525 930 1594 cupra,
963 1502 1076 1591 infru,
1106 1505 1236 1597 antiqui

127 1618 285 1690 vocalem
311 1637 379 1686 non
405 1614 619 1688 omittebant.
648 1613 797 1701 Eorum,
826 1638 916 1708 quae
943 1624 1022 1687 sunt
1045 1620 1234 1709 accipiter,

130 1734 268 1828 Opiter,
287 1730 473 1822 Merpiter,
491 1729 689 1822 Diespiter,
707 1739 741 1802 et
757 1730 953 1825 pleniorem
980 1739 1015 1801 et
1038 1729 1235 1806 breviorem

129 1849 396 1923 declinationem
423 1844 511 1938 apud
536 1847 694 1938 antiquos
732 1848 767 1916 in
791 1868 857 1918 usu
888 1842 997 1917 fuisse
1036 1844 1235 1919 Priscianus

128 1968 229 2038 testis
254 1970 308 2034 est
332 1958 395 2048 Vl,
425 1959 468 2032 39
494 1956 612 2030 Hertz.
647 1956 757 2043 Quam
783 1957 884 2029 facile
909 1967 1028 2029 tamen
1052 1959 1112 2030 vel
1145 1958 1237 2053 opud

130 2079 387 2174 antiquissimos
412 2097 434 2145 e
459 2082 617 2169 correpta
642 2083 719 2146 ante
744 2098 765 2144 r
795 2075 930 2146 literam
961 2076 1143 2162 delituerit,
1173 2099 1235 2151 ar-

129 2199 293 2288 gumento
320 2196 399 2262 sunt
423 2187 553 2259 dedrot
571 2211 631 2284 pro
649 2188 833 2276 dederunt,
850 2188 978 2260 ultrice
995 2211 1056 2283 pro
1073 2190 1236 2278 ulterius,

128 2330 217 2400 opru
244 2304 333 2402 apud
357 2303 506 2375 Ennium
533 2314 568 2376 et
591 2304 812 2377 Petrarcham
838 2304 918 2375 Vita
945 2303 1027 2375 Son.
1065 2306 1125 2392 49,
1154 2306 1175 2377 9
1203 2313 1239 2379 et

129 2445 242 2517 opero
268 2419 356 2516 apud
382 2419 570 2516 plerosque
589 2429 624 2491 et
642 2420 787 2492 eundem
804 2419 1029 2491 Petrarcbam
1048 2419 1129 2490 Vita
1151 2419 1234 2493 Son.

128 2537 226 2624 503,
252 2537 345 2606 etin
371 2555 424 2624 eo,
454 2534 542 2628 quod
572 2556 663 2605 nunc
700 2534 823 2604 dicitur
859 2538 1103 2626 aqomberore,
1144 2534 1237 2608 idem

128 2660 228 2748 poeta
253 2649 410 2723 vocalem
435 2652 538 2722 eiecit
562 2647 642 2719 Vita
670 2647 749 2720 Son.
777 2649 874 2734 50,5.
907 2646 946 2720 ln
979 2648 1236 2742 Franeogallo-

127 2788 201 2838 rum
228 2767 345 2857 lingua
370 2787 475 2858 quam
502 2785 608 2858 saepe
626 2761 744 2833 illude
771 2784 913 2855 prorsus
932 2772 1133 2850 evanescat,
1152 2764 1236 2837 vidc

127 2883 163 2952 in
189 2870 397 2965 Quicheratii
422 2878 524 2967 libro,
552 2880 611 2971 qui
635 2880 818 2972 inscriptus
845 2886 899 2950 est
927 2877 1062 2950 «Traitd
1086 2878 1128 2949 de
1146 2900 1236 2950 ver-

128 2993 297 3067 silication
321 2992 533 3088 iranqaiseo,
553 3015 588 3087 p.
610 2993 681 3065 296
708 3001 744 3064 et
768 2994 838 3066 409
865 3017 937 3089 sqq.
964 2995 1035 3066 Sed
1053 3002 1237 3088 antequam

127 3109 193 3180 boc
218 3130 252 3193 e,
280 3107 369 3201 quod
395 3114 554 3181 estante
577 3129 611 3189 r,
646 3128 789 3200 prorsus
823 3107 980 3194 elidatur,
1016 3129 1121 3180 sonus
1153 3111 1237 3203 qui-

127 3222 209 3294 dam
235 3220 463 3293 brevissimus
489 3229 525 3290 et
549 3218 782 3293 subobscurus
808 3222 957 3292 medium
984 3222 1094 3293 locum
1127 3229 1234 3310 tenet,

128 3337 218 3431 quod
244 3352 358 3430 genus
385 3343 440 3407 est
463 3333 767 3428 Francogallorum
802 3358 822 3406 e
856 3344 1001 3423 mutum,
1034 3336 1122 3430 quod
1154 3337 1236 3408 olim

126 3449 332 3523 audiebatur
356 3451 392 3519 in
417 3451 482 3535 eie,
511 3471 600 3543 quae
634 3456 712 3521 sunt
743 3455 889 3543 eaperit,
918 3455 1033 3539 cerci,
1064 3452 1238 3541 lorrecia,

126 3565 327 3652 derrenier,
342 3566 489 3650 eiceret,
504 3562 712 3655 prenderat,
726 3568 862 3647 neerei,
876 3569 1033 3651 couerci,
1050 3566 1139 3638 aliis.
1156 3563 1237 3636 Ro-

125 3684 217 3752 mani
243 3688 369 3766 autem,
394 3700 472 3751 cum
497 3679 666 3751 eiusmodi
692 3679 827 3752 literam
852 3702 921 3752 non
947 3681 1127 3774 baberent,
1144 3700 1237 3774 quo-

125 3800 350 3888 tienscunque
376 3812 498 3866 sonum
523 3792 618 3864 illum
644 3814 759 3888 paene
775 3795 1035 3868 delitescentem
1051 3793 1238 3869 scribendo

126 3909 274 4004 exprimi
299 3904 489 4001 oportebat,
518 3914 576 3978 aut
599 3907 713 3979 vocali
737 3906 920 3980 utebantur
945 3916 1015 3994 aut,
1050 3929 1125 3980 cum
1151 3907 1238 3980 nul·-

127 4021 195 4094 lam
221 4027 335 4116 aptam
359 4023 561 4116 reperirent
571 4020 719 4112 literam,
738 4016 1049 4116 qnod'signilieane
1059 4040 1243 4118 nonque*
