2746 4530
708 299 753 371 dd

184 536 244 586 sus
269 512 390 584 thesim
415 516 450 581 iu
468 508 580 581 medio
596 508 706 581 verhc
724 511 929 581 intercidere
949 508 1139 582 confirmat.
1156 511 1291 580 Liviani

186 636 299 700 autem
327 634 362 698 ει
387 626 559 698 Naeviaui
583 623 618 694 hi
644 633 724 696 sunt
747 623 821 696 fere
846 626 954 717 digni,
983 625 1025 696 de
1051 624 1176 719 quihus
1202 646 1293 717 aga·

181 751 247 812 tur.
275 742 330 812 Ac
355 742 499 834 primum
525 738 660 831 quidem
685 741 720 808 in
746 737 870 810 Naevii
897 761 1016 810 versu:

226 893 452 987 Magnumque
479 891 614 961 domum
641 888 870 985 decoremque
920 892 1022 963 ditem
1048 899 1231 977 vexarent,

179 1062 245 1134 quo
270 1040 466 1111 Priscianus
485 1061 568 1111 usus
587 1046 653 1123 εει,
674 1061 719 1109 ne
737 1063 808 1111 vox
833 1040 940 1111 decor
958 1044 1151 1113 testimonio
1178 1042 1290 1112 desti-

178 1162 344 1241 tueretur,
373 1160 448 1226 sine
480 1154 550 1224 uilo
588 1152 851 1246 significationis
878 1156 1002 1227 damno
1027 1178 1092 1251 pro
1117 1164 1291 1227 contracta

178 1271 288 1344 forma
312 1271 418 1342 ditem
454 1271 557 1364 plena
594 1268 737 1339 divitem
777 1272 965 1363 reponitur.
995 1267 1070 1355 Quo
1094 1268 1183 1341 facto
1207 1270 1293 1341 nihil

179 1408 266 1481 opus
293 1393 346 1454 εει
369 1386 447 1454 voci
473 1389 647 1453 vernarent
673 1382 759 1452 duos
785 1386 870 1453 ictus
897 1381 1011 1452 tribui.
1036 1383 1131 1454 hlind
1156 1381 1292 1454 Naevi-

180 1522 280 1571 anum
308 1523 327 1568 a
352 1496 462 1569 Nonio
488 1505 662 1568 servatum
689 1504 743 1566 est
768 1495 831 1566 suh
858 1519 945 1568 voce
971 1503 1102 1566 coatus:

333 1646 405 1716 Res
432 1646 527 1716 divas
553 1646 668 1730 edicit,
778 1645 944 1741 praedicit
969 1655 1096 1716 castus.

185 1796 278 1882 Quod
304 1818 380 1866 cum
406 1795 586 1890 productas
625 1794 716 1866 solas
751 1799 934 1887 contiueat,
962 1819 1143 1892 possumus
1171 1799 1293 1892 suspi—

180 1916 252 1982 cari
277 1910 362 1981 haec
386 1908 509 1993 verba,
550 1930 618 1979 non
643 1931 770 1980 versus
808 1908 932 1981 Naevii
957 1883 1049 1983 esse.
1090 1910 1134 1983 Ut
1167 1932 1294 1983 versus

182 2028 398 2108 restituatur,
427 2025 546 2094 nescio
573 2046 616 2094 an
642 2028 790 2094 coutitur
816 2022 1032 2095 scribendum
1065 2029 1123 2097 sit:
1152 2047 1232 2096 nam
1259 2031 1294 2096 ει

182 2147 301 2212 coetae
326 2147 360 2210 et
384 2143 533 2209 castitas
558 2138 621 2209 hoc
647 2140 722 2210 loco
748 2138 952 2211 eVarronis
983 2143 1117 2235 scriptis
1143 2139 1293 2210 laudau-

182 2265 248 2326 tur.
279 2254 478 2340 Praeterea,
508 2257 538 2325 si
563 2277 689 2349 operae
714 2256 857 2349 pretinm
878 2263 942 2342 est,
964 2262 999 2326 et
1025 2255 1187 2350 particula
1215 2255 1293 2326 addi

187 2379 300 2465 potest
325 2373 387 2440 sic:

876 2559 933 2608 res
960 2537 1057 2607 divas

289 2627 401 2699 Edicit
428 2636 463 2699 ει
486 2628 653 2723 praedicit
707 2634 863 2704 castitus.

184 2794 342 2866 Eiusdem
368 2802 491 2889 poetae
517 2817 536 2864 a
563 2793 686 2866 Servio
711 2798 868 2891 proditus
894 2806 948 2869 est
973 2820 1112 2869 versus:

287 2959 416 3031 Eorum
443 2968 565 3030 sectam
593 2972 754 3034 secuntur
861 2966 958 3036 multi
984 2965 1158 3036 mortales

183 3123 318 3194 Eorum
343 3147 419 3194 enm
445 3148 507 3219 per
533 3130 713 3221 synicesim
735 3131 805 3222 legi
820 3134 942 3225 possit,
971 3140 1007 3202 ut
1022 3153 1115 3201 meua
1135 3135 1171 3201 iu
1197 3130 1294 3203 Cae-

181 3241 252 3310 cilii
277 3240 404 3330 elogio,
433 3241 625 3311 eorundem
651 3242 768 3328 Ennii,
796 3248 853 3337 qui
882 3268 1005 3316 versus
1031 3255 1085 3316 est
1122 3250 1157 3315 iu
1184 3245 1293 3317 cice-

182 3358 275 3426 ronis
302 3354 345 3425 de
370 3353 426 3424 oii.
455 3355 484 3438 Ι,
514 3354 573 3439 12,
602 3357 737 3428 eoadem
764 3359 851 3453 apud
878 3358 1090 3453 Propertium
1118 3357 1181 3444 IV,
1205 3363 1241 3446 7,
1272 3360 1292 3430 7

182 3491 252 3562 sq„
279 3470 374 3563 prius
400 3466 650 3540 hemistichium
676 3475 802 3566 optime
828 3495 866 3543 εε
906 3472 1019 3556 hahet,
1046 3475 1190 3545 alterum
1224 3495 1293 3543 eu-

183 3591 251 3655 tem
279 3580 422 3677 ἄμιτρεν
450 3590 515 3653 εει.
558 3581 624 3654 Sed
657 3607 732 3655 cum
771 3584 894 3657 Naevii
933 3591 1058 3681 scripta
1096 3589 1221 3659 Servio
1258 3591 1294 3659 in

183 3694 340 3767 manibus
365 3717 434 3766 non
462 3695 570 3768 fuisse
594 3702 670 3768 veri
685 3701 796 3771 simile
818 3705 872 3784 sit,
890 3723 1030 3788 vereor,
1050 3723 1094 3772 ue
1113 3726 1134 3772 e
1155 3723 1294 3773 memo-

184 3817 234 3883 ria
261 3811 350 3882 hune
375 3833 515 3883 versum
542 3813 764 3909 adscripserit
788 3816 889 3910 idque
914 3838 983 3887 nou
1021 3817 1201 3888 admodum
1227 3839 1292 3887 re-

182 3929 320 4020 ligiose,
348 3948 415 4020 quo
441 3949 526 4015 rem,
563 3949 630 3998 non
671 3928 780 4000 verba
820 3931 1015 4001 illustraret.
1056 3932 1176 4024 Itaque
1214 3930 1292 4003 heri

183 4050 308 4138 potest,
340 4049 376 4111 ut
400 4042 488 4136 apud
514 4043 679 4113 Naevium
707 4051 868 4140 scriptum
894 4043 1010 4115 fuerit:
