2746 4530
643 330 645 333 ,
670 310 717 382 2„

187 519 320 592 Eodem
347 519 420 592 fere
446 542 591 594 numero
616 523 806 614 composita
832 529 886 591 εει
910 529 990 591 ncta
1017 476 1089 592 illa·
1113 522 1254 595 Russu-

135 658 213 706 rum
239 632 379 716 labella,
409 635 543 728 quade
583 638 723 730 ineptiis
751 635 843 722 stulti
880 636 1056 707 cniusdam
1088 645 1251 708 narratur

139 751 193 842 (v.
225 749 370 845 Iiupmu
396 749 610 842 dannanus,
625 749 805 842 dippeus).
834 749 940 821 (luins
959 753 1087 822 initium
1102 751 1167 822 hoc
1184 759 1250 823 est:

138 871 139 874 Ἴ
208 899 458 992 ῦΙιήεε-όιεεε
484 898 645 990 dippeus,
754 900 1016 970 Beauoundnnll
1041 901 1185 970 cadens.

184 1046 253 1119 Sed
279 1046 448 1118 eiusmodi
487 1036 625 1131 versus,
654 1068 730 1115 cum
771 1046 859 1142 apud
885 1068 1005 1118 omnes
1032 1044 1106 1116 lere
1132 1066 1249 1140 popu-

130 1163 186 1234 lus
212 1160 284 1233 hini
309 1167 532 1256 usurpentur,
552 1181 621 1231 non
639 1160 780 1252 singuli,
801 1164 846 1231 ita
866 1161 1067 1255 plerumque
1085 1167 1250 1230 constru-

132 1283 249 1361 untur,
276 1273 314 1343 ει
337 1272 408 1345 bini
434 1277 559 1367 quique
586 1274 698 1366 aliqua
736 1296 774 1343 re
815 1282 873 1344 aut
911 1277 1000 1344 inter
1041 1295 1081 1344 εε
1119 1272 1251 1344 similes

134 1397 193 1460 aut
218 1388 407 1461 dissimiles
435 1391 515 1474 sint,
557 1387 591 1458 id
630 1396 695 1473 est,
725 1396 761 1458 ut
785 1394 953 1459 constanti
995 1386 1110 1480 aliquo
1149 1384 1250 1456 modo

132 1503 201 1585 sihi
227 1503 472 1598 respondeant,
498 1507 677 1597 primoque
704 1511 847 1598 aspectu
873 1501 1087 1573 hemistichia
1119 1503 1247 1596 potius,

80 1629 83 1632 ⁴
131 1640 235 1713 quam
260 1619 387 1710 integri
412 1639 537 1690 versus
564 1639 645 1689 esse
671 1618 867 1704 videantur,
896 1621 949 1688 sin
977 1620 1102 1701 minus,
1118 1624 1155 1686 ut
1172 1615 1249 1687 sal-

130 1741 202 1803 tem
228 1731 389 1827 strophae
415 1731 573 1804 binorum
606 1734 857 1804 versiculorum
899 1732 1062 1824 distingui
1098 1733 1245 1825 possint.

130 1847 252 1939 Itaque
279 1846 368 1941 apud
394 1844 630 1917 Scandinavos
657 1845 819 1940 strophae
847 1853 926 1917 sunt
951 1852 1167 1938 quaternum,
1183 1864 1250 1914 oc-

132 1968 264 2046 tonum,
293 1959 418 2031 denum
436 1961 703 2047 versiculorum,
723 1960 782 2030 rel
809 1960 933 2043 dicam,
952 1956 1084 2045 binum,
1101 1961 1250 2051 quater-

135 2095 233 2159 num,
262 2076 396 2166 quinum
424 2072 731 2159 hemistichiorum,
774 2073 862 2167 apud
900 2070 1080 2143 Hebraeos
1119 2070 1249 2157 binum,

138 2209 278 2273 senum,
306 2195 478 2273 octonum,
507 2176 645 2271 denum,
672 2187 864 2258 duodenum
890 2209 1067 2258 versuum.
1094 2187 1154 2255 Sin
1182 2206 1249 2253 an-

132 2308 202 2372 tem
242 2305 275 2371 in
309 2303 496 2372 eorundem
529 2302 731 2396 populorum
757 2300 966 2372 carminibus
998 2304 1109 2394 impar
1132 2320 1249 2370 nume·

134 2436 195 2486 rus
231 2417 420 2499 invenitur,
450 2423 507 2484 aut
531 2415 689 2485 mendum
718 2415 852 2510 aliquod
871 2416 979 2486 latere
1007 2412 1248 2506 suspicandum

140 2527 278 2598 videtur
308 2536 366 2597 aut
391 2527 448 2598 ille
474 2550 614 2614 versus,
642 2534 700 2622 qui
725 2551 879 2599 normam
906 2528 1027 2608 turbat,
1061 2525 1250 2634 intercala-

134 2646 183 2713 ris
211 2641 389 2714 habendus
415 2652 481 2714 εει.
501 2643 569 2714 Sed
582 2666 649 2736 quo
675 2642 856 2715 breviores
881 2654 962 2715 sunt
976 2642 1139 2715 versiculi
1156 2663 1247 2733 quc-

130 2778 198 2848 que
232 2759 339 2826 artius
364 2760 455 2828 inter
481 2780 519 2827 se
546 2757 746 2844 cohaerent,
775 2780 818 2829 ec
844 2758 978 2830 facilius
1005 2757 1090 2828 haec
1122 2755 1247 2851 pusilla

129 2867 344 2941 hemistichia
370 2873 406 2940 in
428 2892 532 2941 unum
559 2873 754 2965 longiorem
774 2895 918 2944 versum
944 2872 1039 2943 abire
1067 2870 1245 2963 intellegi-

129 2990 197 3052 tur.
226 2982 272 3053 Et
308 3005 394 3054 vero
432 2983 472 3055 ht
497 3008 603 3081 saepe
630 3009 789 3073 numero,
818 2997 855 3058 ut
880 3011 925 3059 ex
951 2991 992 3058 iis
1031 2984 1245 3080 longioribus

84 3162 87 3166 ,
130 3096 307 3184 versibus,
351 3100 409 3191 qui
447 3121 468 3170 ε
505 3097 725 3173 brevioribus
751 3107 796 3174 ita
835 3100 973 3174 conilati
999 3105 1079 3184 sint,
1120 3122 1244 3172 versus

127 3210 224 3301 longi
250 3214 308 3303 qui
333 3213 492 3283 dicuntur
531 3237 652 3287 rursus
690 3221 875 3288 exsistant.
918 3215 1015 3302 Quod
1053 3237 1165 3308 genus
1193 3221 1247 3285 εει

127 3322 424 3397 Scandinavcrum
462 3324 607 3420 Liljulag
632 3338 668 3400 et
703 3331 784 3402 illud
817 3339 975 3416 metrum,
1016 3352 1084 3422 quo
1117 3325 1243 3396 Hilde-
1324 3363 1325 3368 =

126 3436 251 3512 brandi
276 3446 312 3510 et
345 3438 567 3512 lladubrandi
594 3452 769 3515 certamen
794 3447 825 3516 si
850 3467 919 3517 nun
946 3452 1065 3528 totum,
1089 3451 1123 3513 at
1147 3448 1242 3512 certe

126 3553 333 3647 plerumque
360 3559 523 3650 scriptum
552 3566 619 3643 est,
647 3567 684 3629 ut
707 3557 762 3629 hic
787 3580 913 3630 versus
940 3555 1126 3651 significat:

236 3708 246 3724 “
280 3685 468 3759 Hiltihrdht
492 3690 677 3782 gimihaltd
704 3690 933 3779 Herihrdntds
959 3694 1063 3762 sunu.

125 3829 331 3925 Eodemque
357 3844 482 3920 metro,
508 3836 569 3906 sed
595 3841 661 3908 iam
700 3837 940 3910 homoteleutis
976 3838 1089 3910 diviso
1114 3833 1241 3907 Christi

124 3949 198 4016 vita
226 3945 269 4016 ab
297 3944 451 4018 Otlriedo
477 3949 647 4046 descripta
674 3961 738 4023 est.
775 3952 840 4024 Sed
867 3964 903 4026 ut
932 3955 1017 4050 apud
1050 3952 1242 4025 Scandian-

129 4083 197 4134 vos
224 4065 292 4132 iam
318 4070 394 4134 erat
419 4064 651 4155 thdhuhdttr,
680 4068 712 4138 id
739 4078 793 4140 εει
818 4070 966 4167 stropha,
991 4075 1089 4143 cuius
1126 4077 1243 4160 partes
