2746 4530
654 287 696 368 37

124 500 325 593 productam
351 500 457 573 inisse
483 527 592 597 aeque
619 516 720 601 atque
739 511 805 581 alia
830 515 904 581 eius
923 511 1048 599 forma,
1070 537 1156 606 quae
1182 522 1237 587 est

126 613 187 698 bie,
222 638 366 710 semper
386 619 642 710 produceretur,
676 647 719 694 ex
744 629 817 695 eius
842 630 978 719 origine
1006 638 1159 722 apparet,
1193 630 1235 702 de
1281 649 1283 653 ’

125 751 185 822 qna
213 731 294 800 vide
325 731 534 804 Schleicheri
568 735 823 832 Compendium
847 764 880 834 p.
910 742 979 812 475
1011 750 1046 812 et
1069 741 1235 814 (lorsseni

129 847 276 939 Ausspr.
300 846 367 940 lp.
386 848 468 919 212.
499 849 613 934 Quare
632 874 702 923 non
720 863 814 924 recte
833 854 1040 950 Spengelius
1058 855 1236 949 fragmen·
1326 936 1328 938 ,

128 967 194 1028 tum
217 961 391 1053 quoddam
410 963 608 1052 Liuianum,
636 969 726 1061 quod
752 969 846 1039 idem
865 971 921 1041 ille
947 970 1088 1041 Servius
1114 972 1234 1043 nescio

130 1097 167 1144 an
187 1097 206 1144 e
226 1081 401 1148 memoria
421 1081 657 1175 adscripserit,
678 1087 723 1154 ita
741 1084 911 1155 distribuit
928 1109 962 1180 p.
984 1085 1074 1157 106:

742 1241 853 1327 igitur
872 1237 1009 1306 demum
1027 1235 1120 1306 Ulixi

222 1375 402 1450 (loririxit
420 1404 504 1475 prae
522 1406 662 1477 pavore.

174 1541 301 1635 Neque
317 1546 443 1616 melius
468 1570 506 1617 se
531 1547 635 1618 babet
658 1573 797 1635 versuS,
827 1554 883 1644 qui
902 1559 956 1620 est
973 1555 1007 1621 in
1024 1550 1062 1621 L.
1085 1543 1236 1623 Cornelii

138 1652 192 1724 Gn.
228 1654 251 1725 f.
281 1657 450 1751 Scipionis
476 1661 608 1753 elogio,
642 1666 739 1734 errius
778 1663 899 1733 lacuna
924 1667 973 1734 sic
1007 1687 1026 1733 a
1062 1663 1236 1758 plerisque

138 1775 328 1842 resarcitur:

180 1936 226 2008 Ne
244 1944 414 2031 quairatrs
434 1941 577 2026 honore,
703 1945 781 2036 quei
800 1947 923 2014 minias
943 1947 986 2013 sit
1005 1941 1233 2036 ma(ndatus)2

182 2101 240 2174 Ubi
265 2110 314 2174 tia
338 2107 535 2176 terminatio
560 2114 676 2175 utrum
700 2130 762 2201 per
787 2110 894 2177 arsim
921 2129 963 2176 an
988 2117 1109 2177 natura
1133 2107 1237 2199 longa

147 2217 190 2307 sit,
207 2223 337 2305 nescio,
355 2243 554 2312 quanquam
569 2243 650 2290 eam
665 2223 802 2314 produci
818 2221 933 2306 video,
949 2221 1033 2290 illud
1046 2243 1132 2292 vero
1145 2242 1238 2289 moa·

147 2327 229 2401 datur
246 2339 326 2427 quin
345 2357 412 2405 non
430 2343 564 2404 rectum
583 2339 639 2419 sit,
661 2357 727 2426 ego
744 2356 813 2406 non
833 2334 961 2420 dubito,
982 2335 1083 2427 idque
1098 2357 1139 2405 eo
1154 2358 1238 2404 ma-

149 2447 202 2533 gis,
227 2450 313 2540 quod
342 2472 422 2519 oum
450 2453 524 2520 eins
553 2458 736 2535 structura,
770 2454 846 2520 sive
866 2454 948 2543 quei
972 2447 1142 2519 ablativus
1161 2451 1238 2519 sive

151 2563 364 2633 nominativos
388 2570 453 2648 est,
486 2572 561 2631 tum
592 2584 675 2632 sane
710 2568 824 2657 inepta
855 2561 986 2632 duobus
1017 2566 1050 2632 in
1075 2560 1238 2632 versibus

151 2667 289 2770 deinceps
316 2681 436 2770 positis
475 2678 631 2771 repetitio
647 2717 693 2730 -·
708 2700 791 2747 nam
827 2683 882 2770 qui
920 2677 1106 2772 praecedit,
1144 2675 1240 2746 idem

150 2794 201 2871 est,
230 2814 332 2884 quem
358 2815 377 2862 a
403 2793 629 2863 Mommseno
656 2795 882 2863 emendatum
908 2815 989 2863 esse
1014 2793 1168 2863 vidimus
1194 2833 1239 2844 -

149 2909 244 2977 neseio
275 2909 449 3000 quomodo
472 2908 621 3000 legentis
648 2912 806 2978 animum
825 2910 870 2978 ita
889 2907 1052 2993 alliciunt,
1080 2915 1117 2976 ut
1134 2911 1239 2977 etiam

152 3019 274 3093 sinent
289 3045 433 3118 prorsus
453 3028 594 3116 ignarus
626 3027 681 3108 sit,
702 3031 821 3092 tamen
839 3022 927 3093 buno
947 3024 1062 3095 locum
1077 3032 1240 3116 tanquam
1365 3025 1370 3033 “

151 3134 238 3205 oeubs
263 3141 335 3208 suis
359 3160 485 3233 parum
509 3135 619 3207 lidens
652 3142 780 3207 iterum
811 3146 912 3230 atque
939 3140 1066 3206 iterum
1093 3135 1238 3228 relegat.

151 3238 243 3339 dlpre
259 3250 501 3322 lachmannus
522 3252 562 3320 ad
583 3249 682 3320 Luer.
704 3249 764 3336 lV,
783 3252 853 3321 602
869 3249 1066 3320 etWeilius
1085 3247 1241 3320 Benloe-

151 3362 285 3459 uiasque
311 3365 403 3451 libri,
432 3369 489 3459 qui
515 3376 567 3436 est
590 3367 632 3436 de
657 3364 853 3436 accentibus
871 3366 1012 3456 linguae
1030 3366 1183 3450 Latinae,
1204 3386 1238 3458 p.

154 3473 220 3564 104,
239 3490 270 3552 et
287 3481 435 3554 fortasse
455 3481 526 3565 alii,
546 3503 633 3573 quos
652 3503 719 3552 non
734 3483 829 3562 navi,
848 3477 908 3548 ubi
922 3482 1029 3548 ceteri
1041 3477 1238 3563 mandatae,

153 3590 283 3665 scribunt
300 3601 446 3665 mactus.
489 3592 585 3678 Quod
605 3593 768 3678 verbum,
797 3588 996 3685 quanquam
1015 3597 1153 3684 praeter
1169 3611 1243 3660 vo·

151 3709 281 3779 catinum
304 3716 420 3780 maele
446 3719 480 3780 et
503 3709 713 3803 plurativum
732 3710 806 3776 eius
824 3704 977 3776 formam
995 3707 1114 3789 macti,
1135 3725 1240 3797 quam

151 3816 309 3895 lladricus
336 3832 442 3916 negat
465 3825 608 3893 latinam
633 3844 727 3907 esse,
755 3822 843 3916 apud
871 3841 997 3890 aureae
1015 3841 1103 3912 quae
1122 3819 1242 3890 dicitur

153 3942 259 4009 aetatis
282 3943 467 4033 scriptores
498 3961 566 4010 non
593 3942 785 4021 invenitur,
818 3944 936 4007 tamen
966 3938 1055 4030 apud
1087 3939 1243 4028 antiquos

151 4070 206 4146 per
219 4075 342 4128 omnes
360 4077 462 4126 casus
475 4055 511 4123 in
526 4075 591 4126 usu
605 4051 713 4124 fuisse
727 4053 1002 4124 existimandum
1021 4058 1086 4134 est,
1107 4059 1142 4121 et
1154 4048 1244 4143 quod
