2746 4530
577 270 579 273 ’
691 305 712 377 2

145 519 283 606 praeter
307 521 434 584 motum
461 516 629 608 quendam
655 516 837 587 iambicum
863 519 974 588 nullas
1009 526 1123 589 certas
1158 518 1261 610 leges

146 625 331 698 declarent.
360 627 503 698 Dicebat
520 632 625 715 enim,
647 634 730 703 satis
757 631 921 703 habuisse
948 636 1116 726 antiquos,
1145 632 1259 726 siquid

145 762 271 814 versus
298 743 408 815 simila
434 742 612 815 fecissent.
642 743 745 837 Hunc
771 769 848 816 oum
869 747 940 832 alii,
961 756 1030 818 tum
1049 745 1264 817 lllussman-

147 878 212 928 nus
238 866 376 928 secutus
403 865 468 942 est,
497 861 553 950 qui
580 882 670 930 anno
702 858 967 931 nouocxnnl
1001 859 1261 931 Naevianorum

22 1049 24 1053 ,
146 975 334 1044 carminum
361 973 525 1066 reliquias
557 972 661 1044 lenae
694 974 807 1053 edidit.
850 975 917 1046 Sed
952 979 1112 1068 quoniam
1149 998 1264 1070 neque

146 1084 235 1156 Livii
262 1094 296 1156 et
321 1089 443 1158 Naeuii
469 1110 594 1158 versus
622 1111 742 1159 omnes
769 1093 803 1159 in
830 1090 1000 1160 eiusmodi
1027 1089 1166 1162 schema
1184 1093 1263 1182 cogi

146 1207 304 1294 poterant
328 1208 361 1269 et
386 1204 638 1295 inscriptiones,
668 1226 756 1296 quae
782 1205 942 1274 Saturnio
969 1213 1078 1274 melro
1104 1226 1263 1298 concep-

146 1320 201 1383 tae
227 1336 308 1384 esse
334 1317 552 1408 putabantur,
583 1325 722 1408 praeter
748 1317 881 1387 iambos
908 1318 994 1388 alios
1012 1317 1118 1411 pedes
1137 1325 1264 1387 osten-

146 1427 229 1498 dere
255 1427 477 1515 videbantur,
505 1426 716 1500 Niebuhrius
742 1430 831 1501 hunc
848 1453 989 1500 versum
1010 1430 1155 1524 pedibus
1173 1430 1264 1501 bac-

146 1541 287 1626 chiacis,
316 1542 440 1636 quibus
467 1545 609 1639 spondei
637 1545 926 1631 admiscerentur,
954 1553 1114 1615 constare
1135 1549 1263 1616 existi-

146 1660 264 1726 mavit.
293 1657 412 1749 Atque
439 1660 631 1753 complures
656 1660 819 1730 versiculi
846 1662 922 1730 eius
949 1659 1136 1729 doctrinam
1162 1681 1263 1730 com-

145 1768 286 1841 lirmare
311 1771 530 1861 videbantur,
558 1774 616 1843 alii
640 1795 728 1844 vero
753 1772 887 1844 iambos
915 1776 1138 1868 pertinaciter
1163 1772 1221 1843 rei
1238 1812 1264 1825 -

146 1884 279 1955 rebant.
307 1883 425 1978 Itaque
452 1885 623 1957 duumviri
649 1887 836 1957 doctissimi
862 1884 1046 1956 lersohius
1072 1894 1106 1956 et
1124 1887 1263 1955 Duent-

146 2023 248 2072 nerus
276 2023 364 2071 anno
389 1999 736 2073 Moouuxxxvnl
762 2006 926 2072 societate
955 2004 1037 2071 inita
1072 1999 1138 2070 sihi
1170 2022 1259 2094 pro-

146 2125 347 2210 posuerunt,
357 2115 414 2186 ille
428 2120 727 2209 grammaticorum
741 2124 899 2187 veterum
913 2104 1104 2209 praeceptis
1125 2136 1263 2184 excus-

146 2231 195 2302 sis
222 2238 255 2301 et
280 2230 410 2300 collatis
436 2230 685 2314 demonstrare,
713 2251 855 2301 versum
882 2229 1092 2313 Saturnium,
1123 2226 1258 2321 qualem

145 2345 196 2419 illi
220 2345 425 2428 voluissent,
453 2366 626 2437 nunquam
651 2342 772 2430 fuisse,
801 2343 867 2425 hic,
895 2351 1075 2438 postquam
1100 2343 1197 2413 locus
1215 2339 1260 2410 ab

102 2508 104 2512 -
147 2465 242 2534 socio
267 2482 398 2532 vacuus
423 2459 532 2530 factus
558 2467 666 2548 esset,
691 2457 887 2529 hominibus
905 2459 1012 2528 doctis
1030 2456 1254 2550 persuadere,

146 2597 215 2648 non
243 2597 362 2664 versu,
388 2574 448 2645 sed
474 2572 636 2644 versibus
667 2574 850 2652 Saturniis,
887 2575 920 2641 in
953 2569 1076 2664 quihus
1108 2568 1262 2663 syllabae

147 2698 275 2761 tantum
300 2695 577 2773 numerarentur,
606 2689 762 2780 antiquos
788 2685 1021 2756 Romanorum
1039 2692 1161 2778 poetas
1176 2705 1262 2754 usos

148 2825 241 2876 esse.
271 2801 367 2887 Quae
392 2803 559 2884 doctrina,
588 2824 664 2871 curn
690 2823 755 2895 per
780 2824 819 2872 se
845 2800 987 2870 ridicula
1014 2802 1071 2883 sit,
1091 2799 1263 2869 luculente

147 2917 309 3000 ostendit,
337 2938 435 3010 quam
464 2914 599 2985 dillioile
623 2914 726 2986 fuerit
749 2917 814 2999 eis,
844 2935 931 3006 quae
959 2921 1038 2983 tunc
1054 2919 1186 2997 essent,
1214 2912 1263 2981 li-

147 3041 297 3104 tererum
323 3031 563 3102 emolumentis
590 3051 663 3100 rem
690 3030 731 3099 ad
757 3028 921 3120 liquidum
952 3026 1154 3121 perducere.
1193 3024 1262 3096 Ni-

147 3146 195 3219 hil
220 3148 312 3218 enim
339 3146 450 3216 simile
469 3149 526 3215 via
561 3152 595 3214 et
632 3146 767 3214 ratione
802 3143 960 3235 reperiri,
1002 3139 1109 3210 sede
1147 3161 1261 3210 rerum

148 3263 389 3356 desperatione
415 3263 512 3329 nasci
539 3266 681 3352 poterut.
702 3255 823 3349 Neque
842 3257 1022 3347 quisquam
1041 3255 1183 3340 exstitit,
1203 3255 1262 3345 qui

148 3397 211 3449 eos
237 3379 437 3444 imitaretur:
466 3376 676 3466 quinetiam
701 3372 797 3440 multi
823 3368 971 3440 oblocuti
998 3374 1090 3452 sunt,
1120 3369 1152 3435 in
1179 3369 1262 3459 qui-

147 3491 213 3563 bus
239 3487 428 3558 Grauertus
448 3492 482 3558 in
504 3485 627 3558 Koenii
644 3484 746 3568 libro,
768 3485 825 3577 qui
850 3485 1033 3574 inscriptus
1052 3488 1105 3551 est
1126 3477 1263 3551 «Uelrer

147 3604 203 3675 die
229 3601 380 3697 Spraclle
406 3603 470 3672 der
494 3599 702 3671 Romischen
728 3594 898 3690 Epiker»,
927 3598 984 3688 qui
1016 3615 1117 3664 unam
1145 3593 1263 3678 sylla·-

146 3717 225 3789 bam
252 3715 450 3811 productam
477 3718 509 3784 in
528 3715 612 3784 duas
630 3711 773 3784 distrahi
791 3713 946 3781 coniecit.
972 3707 1160 3780 Muellerus
1179 3716 1261 3777 tnn-

147 3831 226 3902 dem
251 3835 373 3925 partim
400 3833 655 3924 inscriptionum
689 3826 925 3897 Saturniarum
963 3827 1094 3916 specie,
1136 3825 1260 3916 partim

146 3953 306 4017 veterum
344 3942 623 4015 Germanicorum
662 3963 825 4012 versuum
865 3938 1083 4010 similitudine
1122 3938 1259 4023 ductus,

242 4081 263 4130 s
289 4063 453 4154 supprimi
478 4081 582 4154 posse
609 4058 849 4128 animadvertit
873 4057 1090 4146 maximeque
1109 4051 1258 4146 paenul-
