2746 4530
668 276 712 347 41

130 486 267 574 hiatus,
296 491 414 582 quiin
443 510 586 560 caesura
614 497 680 573 est,
709 491 810 559 vitari
826 497 955 582 poterat
979 490 1247 585 transponendo,
1319 492 1321 495 ’
1367 518 1369 521 ·

127 612 168 675 ut
196 611 303 675 esset:

182 752 300 824 Omne
325 752 526 850 Loncanam
558 753 689 847 subigit
796 756 1002 849 opsidesque
1021 756 1198 828 abdoucit.

183 851 340 944 Vigintei
366 861 491 943 gnatus
521 873 631 923 annos
798 855 827 924 is
853 854 960 925 loreis
986 855 1181 926 mandatus.

126 999 170 1072 In
197 1023 243 1072 eo
268 1010 400 1090 autem,
429 1002 520 1096 quod
549 1010 604 1073 est

261 1169 383 1256 Quoiei
408 1175 479 1243 vita
505 1171 642 1258 deiecit,
744 1193 812 1244 non
838 1170 947 1242 honos
973 1171 1117 1260 honore,

127 1341 333 1410 terminatio
346 1341 529 1435 producta,
563 1363 665 1435 quae,
682 1364 764 1411 eum
778 1340 891 1434 paullo
918 1347 993 1433 post
1017 1349 1155 1432 praeter
1168 1363 1250 1434 pau-

130 1455 292 1541 sissima,
321 1477 409 1548 quae
436 1457 630 1539 attulimus,
659 1455 824 1549 exempla
849 1457 975 1549 corripi
1001 1455 1142 1539 soleret,
1172 1459 1244 1525 iam

130 1576 210 1640 tum
236 1569 373 1640 videtur
397 1593 467 1642 non
508 1575 556 1642 ita
582 1580 698 1642 certae
737 1568 846 1640 fuisse
872 1569 1106 1662 longitudinis.
1140 1568 1250 1656 Haec,

133 1684 292 1776 inquam,
321 1689 439 1756 omnia
467 1687 544 1756 tolli
574 1693 742 1778 poterant,
772 1685 847 1770 sed,
876 1707 920 1755 ne
959 1708 1055 1755 arses
1082 1689 1248 1779 perirent,

136 1798 259 1870 relicta
285 1808 374 1870 sunt.
407 1799 496 1872 'lolli
523 1809 662 1896 poterat
687 1803 793 1870 etiam
820 1799 900 1869 illud
918 1803 1105 1891 'quadratis
1129 1800 1252 1870 ultima

140 1913 317 2009 producta,
347 1914 409 1988 sed
436 1918 465 1987 si
491 1918 759 2011 transposueris,
788 1923 825 1984 ut
850 1919 893 1988 sit

206 2079 347 2153 Honore
373 2105 417 2153 ne
445 2087 626 2176 quatratiS,
738 2087 817 2178 quei
843 2090 960 2156 minus
986 2088 1030 2155 sit
1055 2092 1204 2167 mactus

145 2245 329 2320 diaeresim
355 2258 411 2320 aut
438 2272 645 2345 corrumpas
684 2260 740 2322 aut
777 2251 1060 2346 pessumdatis,
1089 2255 1252 2345 quoniam

149 2385 193 2435 ne
218 2366 385 2456 particula
423 2387 492 2436 non
519 2374 596 2460 apte
624 2365 665 2436 ab
707 2370 912 2462 imperativo
939 2368 1123 2439 divellitur.
1156 2365 1257 2437 Ean-

92 2564 94 2569 ,
148 2476 226 2549 dom
250 2477 294 2551 oh
321 2502 465 2551 causam
490 2479 644 2554 Naevius
670 2482 767 2551 dixit:

92 2684 98 2745 ἓ
254 2629 454 2704 Sicilienses
480 2635 624 2727 paciscit
722 2633 860 2728 opsides
886 2641 923 2703 ut
947 2633 1101 2719 reddant,

151 2801 218 2851 non
241 2784 300 2852 tta:

251 2931 413 3019 Paciscit,
442 2933 643 3004 Sicilienses
751 2931 890 3025 opsides
917 2939 952 3001 ut
979 2931 1134 3017 reddant,

148 3087 199 3178 qui
225 3083 415 3156 verborum
441 3085 525 3156 ordo
559 3087 709 3155 usitatus
738 3092 802 3170 est,
833 3092 867 3153 et
890 3081 1008 3153 Livius

251 3235 377 3309 Sancta
401 3259 490 3332 puer
515 3237 653 3306 Saturni
760 3233 833 3304 filio
860 3224 997 3326 regina,

149 3405 208 3459 lun

238 3538 333 3610 Puer
360 3534 507 3613 Saturni,
527 3542 659 3620 sancta,

151 3728 345 3804 quanquam
370 3707 420 3778 sic
446 3702 706 3796 longitudinem
733 3701 792 3770 illa
819 3707 929 3770 aetate
956 3701 1071 3770 minus
1097 3698 1260 3766 usitatam

152 3821 253 3896 smol
279 3824 395 3893 vitare
433 3824 587 3912 poterat.
631 3813 718 3901 Quid
758 3836 798 3884 ea
837 3832 1132 3894 commemorem,
1173 3828 1260 3901 quae

152 3937 452 4036 mspesitic·*m
486 3953 601 4023 neque
628 3932 806 4022 requirere
833 3926 993 3997 videntur
1029 3945 1141 4015 neque
1179 3941 1261 3990 res-

154 4050 267 4150 punt?
303 4051 354 4139 Qu
390 4049 437 4120 dsi
476 4048 534 4118 illa
571 4045 847 4139 transpositionis
885 4038 1048 4133 exempla
1087 4038 1128 4107 ad
1167 4038 1261 4129 prius
