2746 4530
582 268 587 285 ‘
696 309 719 382 a

148 548 193 596 na
218 525 319 596 laude
345 525 463 615 digno,
491 526 636 618 primum
664 523 872 594 intellectum
905 535 1012 615 esset,
1046 532 1156 598 omnis
1190 530 1262 599 dn-

148 637 267 724 bitatio
291 660 361 708 une
386 658 462 707 oum
503 639 552 707 rei
587 639 748 707 metricae
787 639 1014 732 interpretum
1047 640 1188 712 libidine
1226 648 1261 712 in

149 760 352 848 perpetuum
379 750 513 821 sublata
539 759 592 822 est
631 748 687 819 Ex
702 772 767 842 quo
782 755 873 822 enim
901 753 958 822 ille
985 757 1018 823 in
1046 755 1157 826 indice
1184 757 1259 827 lect.

149 870 247 937 univ.
278 866 390 936 Bonn.
420 873 506 935 aest.
547 862 763 935 lllDGGGlll
809 868 1082 937 «certissimum»
1125 877 1161 939 ut
1189 873 1265 965 ipse

153 983 200 1050 ait
228 1002 356 1050 averae
382 978 557 1049 doctrinae
575 985 707 1049 iontem
726 1000 807 1049 esse
828 989 1124 1052 monumentorum
1142 1005 1266 1053 exem·

150 1095 207 1189 pla
233 1092 450 1164 librariorum
476 1092 560 1162 nulli
585 1093 646 1162 vel
671 1095 823 1163 incuriae
849 1093 907 1163 vel
933 1093 1063 1164 libidini
1092 1094 1262 1167 obnoxiae

150 1207 374 1302 significavit,
403 1229 494 1276 nova
522 1206 718 1298 etquidem
745 1208 846 1276 unice
873 1228 958 1277 vera
995 1210 1064 1292 via,
1098 1212 1164 1278 etsi
1195 1231 1264 1279 non

150 1325 282 1420 abipso
309 1328 463 1409 inventa,
493 1330 526 1392 et
551 1329 643 1392 certe
670 1321 747 1390 aliis
763 1321 909 1391 indicata
936 1331 1000 1392 est.
1022 1321 1134 1415 Ipsius
1153 1333 1266 1394 autern

148 1441 303 1520 doctrina
328 1439 351 1507 l.
384 1437 407 1507 l.
426 1459 460 1530 p.
482 1434 497 1505 l
516 1458 567 1528 sq.
590 1438 639 1504 sic
657 1434 905 1529 comprehensa
924 1443 991 1522 est,
1011 1444 1144 1507 «urnae
1162 1441 1269 1508 omit-

149 1562 238 1626 tatur
263 1573 425 1644 umquam
450 1549 509 1620 vel
535 1551 663 1643 prioris
681 1547 884 1618 hemistichii
903 1554 1082 1620 anacrusis
1100 1552 1156 1621 vel
1177 1552 1268 1620 alte-

150 1670 277 1748 rutrius
295 1665 401 1735 thesis
417 1661 546 1747 linalis,
568 1684 633 1733 neo
646 1684 806 1753 umquam
822 1663 919 1732 alteri
945 1662 1158 1735 hemistichia
1177 1687 1268 1734 ana-

149 1785 265 1857 orusis
277 1780 431 1864 addatur,
448 1801 513 1848 nec
532 1781 684 1872 saepius,
696 1799 800 1870 quam
820 1781 855 1848 in
874 1780 1023 1870 singulis
1037 1780 1263 1851 hemistichiis

150 1895 260 1968 semel
273 1895 427 1985 reliquae
445 1893 562 1962 theses
582 1894 849 1985 supprimantur,
865 1915 930 1963 nec
948 1897 1129 1988 quicquam
1148 1898 1263 1966 ullen-

150 2015 258 2085 sionis
283 2010 342 2080 vel
370 2011 497 2078 arsium
530 2007 653 2077 solutio
694 2008 752 2077 vel
788 2009 961 2100 neglectio
1000 2032 1167 2080 caesurae
1206 2013 1264 2082 vel

151 2125 321 2196 vocalium
348 2123 459 2193 hiatus
491 2120 651 2190 habeat».
688 2120 901 2193 Exstiternnt
932 2145 1017 2193 sane
1050 2126 1109 2194 vel
1142 2133 1265 2219 postea

150 2237 309 2308 homines
324 2235 421 2320 docti,
431 2239 486 2327 qui
502 2234 648 2304 thesium
664 2238 698 2304 in
712 2235 825 2306 medio
838 2230 944 2308 vers'n
959 2241 1182 2310 omissionem
1196 2263 1266 2311 non

44 2390 46 2395 ,
150 2351 349 2448 probarent,
378 2353 411 2419 in
440 2349 564 2442 quibus
583 2350 776 2420 (lorssenus
804 2355 1123 2423 commemorandus
1151 2363 1205 2424 est
1230 2362 1264 2424 et

151 2466 321 2536 duumviri
347 2463 499 2533 Weilius
536 2473 570 2533 et
611 2462 845 2533 Benlnewius,
888 2465 950 2535 llle
984 2471 1074 2536 enirn
1102 2471 1137 2536 in
1163 2469 1264 2553 libro,

152 2579 209 2669 qui
235 2580 419 2672 inscriptus
447 2584 500 2646 est
530 2575 668 2646 «Ueber
694 2576 748 2646 die
774 2574 997 2673 Ausspraohe
1016 2587 1080 2648 eto.
1110 2582 1172 2651 der
1188 2580 1261 2652 Lat.

151 2690 325 2785 Spreohe»
373 2690 473 2760 huius
507 2694 605 2760 metri
639 2691 797 2783 exempla
824 2695 869 2761 ita
896 2695 1080 2779 constituit,
1117 2703 1154 2764 ut
1187 2697 1271 2765 nul-

153 2809 187 2879 la
212 2807 320 2878 thesis
347 2806 615 2891 desideraretur,
645 2806 678 2875 hi
705 2809 739 2876 in
768 2806 868 2892 libro,
904 2830 1004 2900 quem
1038 2809 1081 2878 de
1114 2816 1271 2881 accenti-

152 2923 217 2995 bus
250 2923 391 3016 linguae
417 2923 558 2991 Latinae
584 2944 652 2991 una
677 2920 847 3006 lecerunt,
877 2920 1086 2995 Corssenum
1114 2925 1271 3019 plerum-

154 3059 221 3130 que
249 3039 357 3106 secuti
384 3042 473 3104 sunt.
515 3033 745 3105 Monumentis
777 3057 864 3106 vero
901 3058 1004 3106 nemo
1043 3059 1081 3108 se
1119 3040 1269 3109 alienum

113 3227 116 3233 ,
152 3152 327 3246 praestitit
349 3157 488 3243 praeter
513 3147 684 3233 Plavium,
705 3152 761 3242 qui
781 3172 870 3220 anno
888 3148 1170 3236 MDCGGLXIV,
1193 3176 1269 3222 oum

153 3267 221 3335 iam
250 3263 378 3333 multae
404 3264 645 3356 inscriptiones
673 3260 715 3331 ab
754 3262 876 3333 eodem
914 3264 1103 3336 Ritschelio
1141 3270 1269 3361 optime

154 3377 266 3448 editae
291 3376 418 3471 publici
444 3379 528 3448 iuris
554 3376 665 3448 factae
692 3387 821 3461 essent,
851 3378 915 3448 hoe
941 3384 1086 3470 egregio
1118 3384 1271 3451 investi-

152 3491 258 3584 gandi
285 3492 490 3562 adminiculo
515 3493 673 3584 neglecto
700 3515 744 3561 ex
778 3491 913 3577 eodem,
942 3514 1008 3585 quo
1034 3498 1141 3587 prius,
1177 3495 1271 3566 hante

155 3605 379 3676 hauriendum
407 3628 487 3676 esse
514 3610 736 3677 existimavit.
771 3606 836 3677 Est
870 3610 975 3697 igitur
1006 3611 1081 3676 eius
1114 3609 1268 3680 doctrina

154 3719 228 3791 irre
255 3721 390 3808 eadem,
419 3744 506 3814 quae
534 3744 553 3791 a
578 3721 746 3792 llluellaro
771 3725 947 3816 proposita
974 3731 1041 3804 est,
1069 3721 1133 3792 hoo
1151 3731 1265 3794 tamen

156 3836 384 3907 additamento
411 3846 522 3922 aucta,
551 3846 586 3908 nt
611 3841 794 3932 posteriori
820 3838 958 3908 dimidio
985 3843 1178 3909 anucrusinr
1199 3841 1266 3910 ad-

154 3950 239 4020 dere
265 3957 301 4019 et
327 3949 476 4028 ultimam
504 3950 626 4021 thesim
654 3951 792 4021 solvere
810 3951 941 4021 liceret.
970 3950 1037 4020 Sed
1055 3955 1267 4046 sperandum

153 4064 303 4153 videtur,
330 4065 429 4150 alios,
458 4069 515 4160 qui
542 4065 583 4138 de
608 4088 715 4138 versu
743 4066 904 4137 Saturnio
931 4089 1080 4162 unquam
1108 4073 1267 4163 scripturi
