3026 4706
736 356 805 428 120

215 570 353 640 minatio
379 572 491 664 patius
505 567 685 640 adimenda
710 573 776 654 est,
791 576 829 639 ut
852 571 1036 660 genetivus
1056 571 1112 654 sit,
1129 570 1187 661 qui
1204 589 1329 656 acup-

213 684 296 752 tiaia
313 683 472 777 pendeat.
489 681 719 767 Postremum,
735 689 773 752 ut
791 681 850 752 illa
864 686 1048 753 arescente
1065 686 1137 752 aiat
1152 703 1243 775 puae
1258 681 1330 751 ali-

214 798 351 890 quandu
369 796 595 892 explicentur,
625 818 707 867 eam
733 799 829 890 pacis
855 796 1089 868 condicionem
1128 797 1163 866 in
1188 817 1329 866 memo-

215 914 302 982 riam
327 911 546 994 reducemus,
577 911 620 980 de
646 933 713 1003 qua
742 909 927 1003 Eutropius
953 911 1038 982 haec
1063 908 1236 997 narrutll,
1265 910 1325 982 2⁷:

220 1024 355 1096 «Etiam
373 1022 680 1117 Carthaginienses
698 1027 879 1118 petierunt,
912 1033 949 1095 ut
972 1025 1098 1096 redimi
1124 1046 1187 1096 eos
1213 1027 1329 1117 capti·

217 1161 280 1210 ves
307 1140 436 1224 liceret,
464 1161 551 1230 quos
580 1159 625 1209 ex
658 1136 755 1208 Afris
782 1139 927 1209 Romani
960 1136 1137 1208 tenebant.
1178 1139 1353 1208 Senatus

216 1255 317 1324 iussit
337 1257 424 1344 sine·
438 1257 549 1347 pretio
569 1253 643 1322 dari
664 1273 738 1341 eos,
752 1255 809 1345 qui
824 1255 859 1322 in
873 1251 1010 1348 publiea
1024 1250 1179 1322 custodia
1195 1259 1326 1322 essent:

217 1370 274 1461 qui
308 1375 425 1437 autem
461 1390 483 1456 p
524 1369 672 1461 privatis
711 1374 920 1452 tenerentur,
963 1375 1000 1436 ut
1036 1369 1146 1461 pretio
1184 1365 1330 1436 dominis

217 1481 347 1552 reddito
374 1481 619 1573 Carthaginem
639 1480 804 1565 redirent,
836 1488 936 1574 atque
955 1480 987 1551 id
1013 1485 1165 1576 pretium
1183 1502 1228 1550 ex
1246 1478 1331 1550 lisca

218 1601 342 1690 magis,
377 1619 478 1689 quam
518 1618 538 1666 a
576 1593 920 1686 Carthaginiensibus
960 1596 1192 1667 solveretur».
1234 1591 1332 1679 Quae

219 1736 298 1784 cunr
326 1721 540 1806 exaggerata
566 1733 648 1782 esse
666 1712 863 1796 videantur,
885 1735 953 1805 quo
981 1712 1214 1783 Romanorum
1229 1712 1332 1781 animi

220 1829 415 1921 magnitudo
442 1838 476 1898 et
501 1827 690 1898 liberalitas
719 1831 830 1918 magis
874 1835 1073 1922 appareret,
1112 1825 1176 1896 hec
1203 1823 1330 1911 tamen,

217 1945 288 2013 nisi
312 1941 424 2028 fallor,
452 1949 586 2012 certum
614 1949 680 2026 est,
710 1939 818 2012 inisse
848 1941 1048 2012 Poenorum
1080 1942 1247 2035 captivos,
1275 1943 1333 2033 qui

221 2056 429 2128 aRomanis
456 2061 531 2128 sine
569 2058 681 2149 pretio
719 2031 852 2125 dirhissi
878 2063 1007 2126 essent.
1049 2054 1144 2140 Quae
1169 2075 1257 2132 ,cum
1283 2058 1334 2124 ita

221 2175 300 2258 sint,
329 2176 378 2244 sie
403 2178 528 2267 poetae
555 2193 697 2240 manum
725 2173 859 2241 restitui
885 2193 990 2264 posse
1017 2173 1191 2242 existimo:

856 2390 889 2460 id
916 2404 1051 2483 queque
1075 2395 1264 2485 paciscunt,

319 2487 364 2560 Ut
388 2489 578 2558 immoeneis
607 2489 758 2578 integros
856 2488 1022 2581 plurimus
1047 2486 1157 2559 lutati

319 2584 557 2654 Reconcilient
581 2588 751 2677 captivos.

157 2868 167 2874 ,
223 2773 357 2862 Eodem
382 2788 470 2872 loce,
506 2808 572 2879 qno
609 2785 691 2856 illud
724 2787 856 2856 lacunis
895 2784 1069 2858 foedatum
1107 2786 1337 2886 fragmentum

224 2903 402 2974 livianum
442 2904 518 2971 sive
543 2898 758 2970 Naeuianum
786 2900 925 2992 legitur,
955 2923 1055 2996 quem
1090 2902 1200 2971 locum
1233 2925 1338 2972 men-

224 3018 276 3088 dis
303 3037 403 3087 omne
429 3037 540 3106 genus
568 3013 741 3086 abundare
765 3016 928 3102 vidimus,
957 3014 1021 3086 huc
1053 3014 1142 3086 Livii
1176 3041 1195 3086 a
1229 3017 1336 3090 Festo

225 3138 397 3202 enotatum
424 3135 488 3198 est:
522 3127 682 3226 «To-pper
715 3132 771 3199 citi
811 3129 852 3200 ad
880 3127 974 3202 aedis
1000 3134 1160 3202 venimus
1199 3131 1334 3204 Circae:

225 3243 326 3316 simul
352 3243 464 3312 duona
490 3263 611 3311 eurum
638 3251 772 3333 portant
798 3242 839 3313 ad
865 3249 1000 3315 navis».
1026 3243 1123 3327 erae
1141 3255 1251 3316 autem
1272 3269 1338 3318 se-

225 3367 359 3444 cuntur,
388 3359 494 3445 Festi,
519 3377 588 3426 non
613 3355 702 3426 Livii
729 3379 822 3438 esse,
856 3361 923 3428 iam
955 3358 1087 3430 dudum
1119 3368 1337 3455 perspectum

226 3480 291 3556 est,
319 3492 433 3564 neque
459 3473 634 3564 quisquam
663 3469 805 3557 dubitat,
835 3475 929 3564 quin,
958 3482 1121 3566 quantum
1146 3474 1337 3568 adscripsi-

227 3608 316 3671 mus,
344 3605 549 3655 conversum
577 3587 620 3656 sit
646 3607 691 3655 ex
718 3582 780 3656 0d.
807 3583 886 3670 Xll,
917 3587 961 3658 16
992 3609 1084 3680 sqq.:

939 3805 1004 3876 οὐδ’
1029 3805 1095 3903 ἄρα
1112 3802 1238 3902 Κίρκην

334 3898 391 3980 Ἐξ
415 3897 534 3970 Ἀίδεω
552 3899 704 3978 ἐλθόντες
721 3899 897 3998 ἐλήθομεν,
914 3902 1009 3972 alta
1027 3903 1103 3996 μάλ’
1121 3903 1193 3972 ὦκα

329 3995 431 4068 Ἧλθ’
457 3996 671 4094 ἐντυναμένη·
694 3998 764 4090 ἅμα
781 3999 989 4094 δ’ἀμφῖπολοι
1012 4002 1114 4096 φέρον
1133 3999 1225 4096 αὐτῇ

336 4093 432 4164 {iren
448 4093 500 4162 καὶ
517 4096 596 4188 κρέα
617 4094 726 4166 πολλὰ
751 4097 802 4166 καὶ
827 4095 950 4168 αἴθοπα
974 4097 1061 4168 αἶνον
1088 4095 1241 4193 ἐρυθρόν.
