2746 4530
664 274 708 346 ¹8

129 489 241 556 omnia
266 505 329 578 pro
354 504 412 569 eo,
438 483 528 575 quod
554 485 589 552 in
606 488 779 554 communi
797 484 958 555 Indorum
978 492 1143 554 vetorum
1160 504 1246 555 ser-

131 619 230 669 mone
256 605 319 677 est
345 598 485 684 oiqacini
509 605 544 667 et
568 599 672 668 multa
697 598 778 683 alia,
807 621 876 692 qua
894 599 937 670 de
951 621 991 669 re
1016 597 1098 670 vide
1121 597 1247 693 Boppii

127 734 273 804 gramm.
302 733 454 806 eompar.
484 710 513 782 11
538 713 606 784 463
632 713 729 783 alter.
752 714 832 783 edit.
856 722 891 783 et
908 712 1118 784 Schieioheri
1136 714 1246 785 Gom-

129 827 230 922 pend.
257 826 290 896 d.
325 826 439 927 vprgl.
481 827 636 898 Gramm.
679 850 712 921 p.
755 828 824 898 441
866 850 918 921 sq.
955 825 1247 898 innumerorum

130 939 323 1027 vocabulis,
352 930 466 1034 qualia
491 949 571 1011 sunt
593 941 769 1035 opidanum
798 945 964 1034 trifinio,
988 942 1245 1034 qaodroqiuto,

126 1055 332 1149 πεντήκοντα
363 1058 635 1146 quinquaqinta,
675 1060 882 1146 serapiam,
911 1057 1056 1127 eandem
1074 1061 1246 1127 termina-

127 1169 256 1240 tionem
282 1168 454 1259 adgnovit
478 1166 631 1239 Corssen
658 1168 745 1240 Krit.
777 1170 880 1241 Beitr.
910 1193 943 1265 p.
974 1171 1044 1242 508
1064 1192 1148 1263 sqq.
1177 1169 1246 1240 Sed

126 1283 206 1375 quid
233 1281 357 1375 nprlta?
383 1281 496 1353 Etiam
526 1284 686 1377 exempla
712 1283 896 1356 habemus.
919 1285 1126 1379 Spengelius
1152 1289 1240 1357 enim

127 1401 163 1467 in
188 1396 309 1467 Philoi.
339 1395 456 1466 ΧΧΙΙΙ
487 1397 531 1467 89
559 1419 578 1466 e
607 1396 757 1468 sortibus
786 1404 933 1492 antiquis
959 1399 1021 1470 hos
1042 1399 1156 1470 adfert
1179 1401 1245 1470 ire-

127 1519 301 1582 xametros
329 1511 528 1604 dactylicos
556 1515 613 1602 qui
647 1534 738 1582 nuno
776 1519 936 1608 expressi
975 1523 1054 1584 sunt
1088 1518 1124 1585 in
1161 1513 1244 1583 Rit-

128 1626 247 1697 schelii
281 1625 382 1720 Corp.
409 1624 518 1695 lusor.
547 1624 615 1694 tab.
646 1624 690 1694 11:

234 1775 287 1846 De
313 1797 399 1846 vero
425 1773 513 1846 falsi
538 1798 582 1845 ne
608 1775 695 1846 fiant
721 1776 833 1846 iudicio
858 1773 959 1847 falso.

234 1873 288 1943 De
314 1876 445 1941 incerto
472 1869 574 1957 oertd‘
593 1895 638 1942 ne
665 1870 758 1956 fiant,
788 1878 818 1943 si
846 1878 952 1968 sapis,
981 1896 1122 1945 caveas.

127 2023 230 2118 Apud
276 2023 475 2092 Terentium
527 2025 701 2092 iuvenitur
744 2022 808 2094 hoo
860 2027 893 2094 in
933 2024 1133 2097 choriambo
1170 2023 1238 2095 Ad.

126 2137 412 2230 1v4,3(612J:

231 2287 386 2360 Membra
413 2296 505 2357 metu
531 2283 660 2356 debitia
686 2293 779 2369 suut,
811 2289 943 2356 animus
970 2291 1105 2357 timore.

125 2437 331 2508 Recentiora
357 2445 436 2507 sunt
460 2435 556 2506 haee.
589 2433 697 2525 Verg.
731 2433 821 2503 Aen.
852 2434 1009 2506 111464:

231 2588 329 2657 Dona
355 2585 477 2656 dehinc
503 2606 586 2655 auro
611 2581 735 2677 gravii
762 2594 925 2678 sectoque
952 2585 1149 2679 elephanto.

127 2733 280 2829 Propert.
311 2732 461 2818 V,5‚64:
492 2835 495 2840 ι
741 2701 746 2712 ’

234 2883 300 2953 Por
326 2890 447 2952 tenues
473 2879 555 2951 ossd
579 2891 659 2952 sunt
683 2890 862 2953 numerata
888 2892 997 2953 cutes.

127 3035 254 3104 iuven.
287 3032 344 3116 10,
374 3033 433 3102 54:

235 3179 329 3272 Ergo
357 3177 574 3273 supervacui
601 3189 658 3250 aut
683 3186 879 3274 perniciosa
904 3191 1078 3278 petuntur.

124 3326 245 3422 ltaque
287 3333 416 3424 optime
456 3351 494 3400 se
533 3328 635 3400 habet
677 3329 730 3400 hio
771 3331 895 3403 Naevii
935 3332 1141 3418 versiculus,
1183 3335 1242 3423 qui

124 3443 250 3538 legitur
277 3444 364 3538 apud
391 3442 547 3514 Paulum:

233 3610 363 3709 Soapos
391 3606 492 3704 atqui
516 3610 692 3682 verbenas
723 3609 881 3703 sagmiud
908 3618 1138 3707 sumpserunt.

173 3771 344 3867 Quotquot
356 3779 461 3867 igitur
482 3775 590 3845 adhue
615 3776 775 3870 exempla
801 3777 1105 3846 attulimus-sunt
1121 3781 1236 3844 autem

123 3885 319 3958 XXI-sed
346 3897 457 3959 mmen
484 3898 646 3982 quotquot
670 3890 854 3975 attulimus,
895 3893 1008 3960 omnia
1035 3911 1103 3960 non
1137 3889 1237 3959 modo

259 4024 291 4055 'u
347 4004 442 4089 udae,
472 4005 533 4074 sed
558 4008 671 4098 potius
690 4003 914 4075 stabiliendae
928 4002 1125 4074 Terentiani
1145 4024 1236 4073 nor-
