2746 4530
655 272 706 350 ‘id

83 580 86 585 y
124 483 248 560 Naevii
273 484 405 560 Bellum
429 486 601 559 Punicum
627 485 726 559 haec:

173 632 283 709 Noctu
307 634 434 708 Troiad
460 636 597 708 exibant
752 632 930 729 capitibus
956 633 1096 727 opertis.

174 732 305 805 Iieinde
328 733 463 829 poliens
490 738 622 827 sagittis
749 731 910 812 inclutus,
926 733 1144 802 arciitdnens.

174 829 342 925 Magnum
368 830 699 927 stuprumvpttpiilo
749 828 824 902 fieri
849 830 1065 924 pergentis.

174 924 306 1000 Verum
331 936 467 1024 praetor
492 926 643 1015 advenit,
752 929 909 1022 auspiotit
926 928 1136 1018 auspicium.

174 1020 386 1098 Sicilienses
412 1027 555 1121 paciscit
750 1022 891 1096 obsides
914 1030 951 1093 ut
975 1020 1128 1092 reddant.

124 1170 221 1245 Licet
244 1178 341 1245 etiarn
367 1177 403 1247 in
421 1174 540 1247 eodem
566 1194 673 1247 versu
699 1183 735 1246 et
758 1175 874 1248 theses
899 1181 936 1246 et
959 1193 1056 1244 arses
1081 1168 1235 1254 solvere,

126 1287 159 1359 id
184 1288 273 1383 quod
298 1286 334 1360 iit
360 1292 394 1360 in
419 1288 472 1360 his
498 1292 756 1385 inscriptionum
775 1289 950 1364 versibus:

174 1439 273 1511 Mors
299 1438 443 1533 perfecit
459 1444 523 1511 tiio
540 1443 580 1510 nt
604 1445 725 1508 essent
748 1435 1049 1512 omniavbrdvia.

175 1536 250 1609 Hoc
266 1545 321 1609 est
333 1541 597 1609 monumentum
610 1535 739 1607 Marcei
753 1533 907 1628 Vergiiai
932 1531 1139 1618 Eurtsiiois.

176 1633 248 1706 Hoc
262 1631 449 1706 estfactum
465 1637 727 1705 monumentum
749 1629 887 1704 Maenio
912 1625 1073 1703 Caiciiio.

176 1728 267 1804 Bono
292 1753 364 1802 rem
391 1752 495 1823 geras
522 1737 556 1801 et
584 1731 719 1815 viltas,
748 1730 897 1800 dormias
925 1732 1002 1799 sini
1032 1747 1130 1818 qura.

128 1881 232 1978 Apud
257 1879 439 1953 Naevium:

176 2029 334 2122 Plerique
347 2048 468 2101 omnes
487 2027 699 2119 subiguntur
747 2026 812 2100 suh
838 2050 942 2101 suam
968 2032 1152 2103 iudicium.

127 2142 223 2231 Quae
260 2152 297 2213 ut
334 2149 428 2215 recte
466 2143 736 2230 consideremus,
765 2145 956 2216 tenendum
995 2154 1062 2232 est,
1095 2166 1237 2218 versum

129 2255 328 2331 Saturnium
351 2280 372 2328 e
398 2255 530 2329 duobus
555 2256 736 2328 trochaicis
761 2267 933 2347 constare,
961 2282 1107 2355 qnorum
1133 2261 1238 2355 priori

126 2377 302 2445 anacrusis
330 2372 405 2444 addi
434 2371 554 2444 soleat.
583 2371 701 2466 itaque
727 2372 873 2445 solvitur
899 2379 1077 2447 anacrusis
1104 2372 1234 2447 etthe-

126 2490 174 2560 sis
201 2485 367 2571 secunda,
397 2488 426 2557 si
453 2485 620 2557 diaeresis
645 2487 833 2581 praecedit,
861 2494 896 2557 ut
922 2489 956 2558 in
983 2488 1047 2560 his:

221 2631 434 2720 curtasse
459 2636 494 2705 in
518 2633 623 2726 longa
731 2635 883 2708 liciiset.

222 2728 335 2802 Fortis
360 2732 416 2801 vir
522 2735 751 2826 sapiensque.

123 2881 162 2953 ln
187 2884 302 2977 priora
326 2881 469 2952 dimidio
493 2884 661 2976 excipitur
686 2880 764 2953 boc:

225 3032 336 3104 Ducte
363 3033 516 3125 auspicio
542 3033 767 3126 imperioque.

126 3182 185 3255 Sin
211 3193 326 3255 autem
354 3185 516 3256 trochaeo
543 3183 676 3279 syllaba
710 3187 908 3281 praeposita
933 3191 999 3264 est.
1036 3186 1112 3257 sive
1137 3204 1228 3256 ana-

125 3302 238 3370 crusis
266 3303 380 3370 sivea
407 3302 522 3394 priore
548 3299 685 3371 dimidio
712 3299 848 3386 avulsa,
878 3301 985 3369 etiam
1011 3301 1124 3393 prima
1150 3297 1233 3369 the·

124 3417 187 3500 sis,
215 3436 292 3485 cum
317 3412 481 3509 producta
508 3417 565 3500 sit,
594 3412 752 3498 solvitur,
779 3416 874 3484 utin
901 3411 967 3485 his:

339 3562 416 3634 Hoc
442 3570 496 3634 est
521 3567 788 3635 monumentum
812 3560 956 3634 Marcei.

334 3657 483 3731 Romam
509 3661 637 3732 addicit
661 3658 885 3754 triumphans.

123 3807 251 3879 Ultima
276 3817 393 3879 autem
418 3811 448 3880 si
473 3809 682 3896 solveretur,
721 3830 848 3882 versus
885 3812 918 3879 in
945 3806 1124 3897 dactylum
1148 3806 1231 3879 exi·

124 3931 189 4009 ret,
218 3946 238 3994 a
263 3945 331 4016 quo
357 3946 425 3996 non
452 3925 556 3998 modo
581 3929 710 4016 exitus,
747 3948 872 3998 verum
907 3930 1004 3994 etiarn
1031 3930 1142 3992 totum
1166 3918 1231 3992 itoo

125 4046 268 4108 metrum
293 4040 339 4110 ita
365 4037 540 4126 abhorret,
574 4048 611 4110 ut
635 4062 703 4111 una
729 4061 806 4109 cum
845 4038 933 4111 thesi
960 4037 1070 4111 soluta
1108 4054 1234 4109 vocem
