2746 4530
630 312 674 384 99

206 522 302 594 Hono
329 527 408 594 oino
436 523 607 616 plolrume
755 526 950 595 cosentiont
973 527 1146 601 Romane.

205 622 354 691 Luerom
379 621 538 713 Scipione
754 617 842 692 lilios
870 619 1020 694 Barbati.

206 716 331 788 Aetate
359 738 464 811 quom
491 737 600 810 parva
757 716 893 810 posidet
919 717 983 790 hoe
1010 744 1167 793 saxsum.

205 813 301 885 Bane
328 823 446 905 gestas
474 813 562 905 qnod
583 809 727 882 inbelle
753 823 901 884 voverat
928 815 1016 888 hanc
1043 817 1184 891 aedem.

205 909 249 981 m
274 915 410 1003 signum
436 907 596 980 Herculis
755 913 898 981 victoris
926 916 1124 1008 imperator.

205 1005 598 1078 Esthoemonimentum
610 1002 742 1075 Marcei
756 1005 914 1099 Vergilai
941 1009 1143 1104 Eurysacis.

206 1107 387 1196 Argenteo
416 1100 560 1196 polubro
758 1111 793 1173 et
818 1126 925 1175 aureo
951 1107 1074 1198 glutro.

207 1199 407 1295 Superbiter
433 1202 659 1292 contemptim
754 1206 900 1271 conterit
925 1202 1096 1296 legiones.

96 1330 216 1424 ltaque
242 1333 366 1402 decem
400 1338 480 1403 sunt
512 1331 690 1423 exempla,
728 1353 797 1402 non
830 1334 940 1426 plura,
981 1337 1043 1408 sed
1081 1338 1140 1408 vel
1178 1341 1213 1410 in

81 1447 150 1518 -bis
178 1447 269 1518 illins
296 1448 561 1518 convenientiae
588 1468 715 1517 causae
753 1451 896 1518 minime
922 1448 1093 1522 obscurae
1119 1459 1210 1522 sunt.

96 1560 187 1632 Nam
215 1568 272 1631 aut
304 1561 483 1631 diaereses
525 1582 634 1654 prave
674 1561 855 1652 neglectae
894 1570 974 1634 sunt
1011 1573 1069 1634 ant
1106 1564 1213 1636 thesis

99 1673 271 1745 intercidit
297 1682 354 1743 ant
379 1695 450 1745 vox
476 1674 615 1765 longior
653 1673 738 1744 duos
771 1676 859 1744 ictus
898 1680 1030 1771 recipit,
1064 1699 1214 1771 quorum

98 1790 184 1859 alter
210 1788 362 1859 eandem
391 1809 466 1858 eum
508 1797 650 1858 accentu
689 1789 801 1859 locum
827 1787 915 1860 forte
942 1790 1077 1861 fortuna
1106 1813 1215 1864 eccu-

97 1912 167 1998 pet,
198 1911 255 1973 aut
281 1902 422 1995 aliquid,
453 1902 543 1995 quod
572 1903 728 2002 consulto
762 1907 950 1998 expetitum
989 1926 1070 1976 esse
1097 1906 1214 1977 credi-

83 2016 166 2089 -bila
194 2039 261 2090 non
288 2026 350 2088 est.
386 2014 478 2088 Nihil
505 2021 607 2104 igitur
644 2017 808 2114 praesidii
845 2018 1047 2090 Bentleiana
1087 2022 1214 2092 ictuum

98 2135 183 2203 ratio
210 2137 243 2202 in
270 2154 394 2203 versus
422 2130 572 2201 Saturnii
599 2132 754 2224 reliquiis
781 2131 892 2204 habet.
931 2130 1001 2203 Alii
1028 2132 1071 2203 ad
1111 2130 1214 2218 Gellii

99 2245 164 2316 Vll
190 2243 255 2336 (Vl
280 2244 356 2338 H.),
387 2247 406 2314 7
434 2244 578 2315 forsitan
605 2243 831 2338 perfugerint,
858 2267 924 2337 quo
952 2246 1028 2316 loco
1055 2254 1215 2317 accentus

98 2368 133 2432 et
158 2365 245 2431 ictus
271 2362 456 2431 consensio
494 2357 695 2431 confirmari
732 2359 880 2430 videtur.
924 2363 1062 2430 Verum
1100 2368 1214 2432 tamen

84 2495 143 2552 ‚ne
171 2473 235 2544 hoc
261 2474 401 2566 quidem
438 2474 689 2542 monimentum
716 2477 799 2545 satis
826 2481 932 2544 toturn
972 2481 1037 2543 est.
1074 2472 1215 2545 Annia-

99 2611 164 2660 nus
191 2590 282 2659 enim
309 2587 374 2659 hoc
400 2588 493 2672 dicit,
523 2608 562 2656 se
590 2585 737 2657 Probum
753 2590 1011 2678 grammaticum
1038 2585 1215 2657 audivisse

97 2706 131 2772 in
159 2700 305 2794 quodam
341 2701 560 2772 Cistellariae
600 2700 777 2771 Plautinae
804 2721 907 2770 versa
942 2703 1039 2770 vocis
1075 2701 1215 2792 offatim

99 2821 246 2910 primam
274 2820 473 2901 acuentem,
503 2837 618 2908 neque
643 2813 742 2884 illam
767 2812 902 2884 dicendi
927 2817 1095 2884 rationem
1122 2836 1211 2909 pro-

98 2929 182 3002 bare
209 2934 282 3000 vutt
308 2929 371 2999 hoc
398 2950 518 2999 versu.
560 2927 655 2998 ldern
682 2926 865 2998 Annianus
891 2928 1126 2998 exadversum
1151 2949 1215 2999 se-

98 3045 207 3115 cunda
235 3041 368 3137 syllaba
395 3051 493 3112 acuta
523 3040 718 3136 appellabat
748 3049 889 3134 «atque»
930 3049 967 3111 ut
992 3037 1095 3111 Gellii
1127 3062 1216 3112 ver-

100 3155 152 3229 bis
167 3165 243 3227 utar
261 3159 326 3225 nita
352 3163 512 3250 oportere
540 3155 629 3250 apud
643 3153 930 3246 Terentiumlegi
955 3153 1090 3225 dicebat
1101 3157 1137 3225 in
1162 3153 1215 3226 his

99 3269 297 3356 versibus»,
324 3291 410 3362 quos
437 3267 616 3340 adscribit.
646 3267 820 3354 Addebat,
848 3268 896 3338 od
924 3270 1214 3362 praepositionem

100 3389 175 3455 acui
189 3382 328 3466 debere,
350 3384 555 3476 quandoque
574 3381 718 3453 ἐπίτασιν
738 3379 962 3473 significaret.
985 3379 1083 3464 Quod
1107 3401 1215 3475 prae-

99 3504 240 3590 ceptum
293 3495 424 3567 Gellius
470 3494 620 3585 probare
658 3482 800 3565 conatur
837 3496 871 3564 in
908 3514 1016 3565 voees
1054 3492 1216 3584 adpetes,

99 3611 297 3702 adprimus,
325 3610 489 3701 adprime
514 3630 584 3679 non
610 3607 748 3693 eadere,
778 3626 974 3699 quanquam
1006 3604 1164 3676 concedit
1182 3603 1217 3681 id

101 3725 189 3815 quod
216 3732 270 3794 est
307 3723 486 3815 adprobas
525 3726 570 3792 ita
609 3720 790 3816 appellari,
825 3728 872 3804 et,
909 3740 985 3789 curn
1024 3720 1134 3789 rarior
1173 3721 1218 3790 sit

102 3858 184 3922 vox,
214 3859 234 3907 e
261 3835 406 3907 Caecilii
447 3834 639 3929 Triumpho
677 3838 753 3905 eius
786 3834 1021 3904 testimonium
1059 3832 1212 3924 apponit.

103 3947 235 4020 Deinde
262 3948 445 4029 erinaceo<
476 3968 600 4039 genus,
626 3968 696 4017 non
722 3951 899 4016 accentum
930 3949 1092 4036 spectans
1125 3961 1217 4011 ver-

103 4061 185 4134 bum
213 4066 331 4141 minus
355 4066 526 4137 usitatum·
548 4063 697 4132 auctoris
723 4060 861 4131 nomine
888 4054 1088 4142 ooniirmat.
1111 4052 1217 4139 «Ad-

1072 4166 1110 4238 70
