2746 4530
390 1579 457 1650 DE
484 1520 991 1663 Vsusnsnrnnltm,

505 1829 610 1909 qualis
634 1844 702 1894 esse
725 1828 876 1894 rideatur.

184 2142 270 2214 Cum
297 2166 351 2229 ea,
381 2166 469 2237 quae
496 2167 515 2213 a
541 2143 755 2214 Terentiano
791 2136 913 2214 lllauro
951 2144 993 2214 de
1031 2167 1139 2216 versu
1178 2146 1249 2217 Sa-

133 2262 245 2329 turnio
283 2258 406 2328 tradita
447 2266 579 2343 essent,
622 2258 662 2326 ad
708 2279 826 2326 veram
860 2260 1104 2351 antiquamque
1137 2263 1249 2330 ratio-

134 2393 212 2443 nem
246 2375 387 2466 propius
427 2374 632 2460 accessisse,
672 2393 771 2463 quam
812 2379 1004 2441 ceterorum
1043 2380 1248 2460 commenta,

134 2509 238 2581 supra
265 2485 464 2570 viderimus,
493 2506 596 2569 nunc,
623 2493 801 2579 postquam
823 2485 992 2578 adipsum
1020 2484 1119 2554 huius
1152 2490 1250 2556 metri

134 2599 322 2670 doctrinam
350 2607 552 2692 perventum
589 2607 654 2684 est,
685 2598 726 2669 ab
761 2600 914 2678 eiusdem
955 2603 1104 2670 auco-ris
1144 2599 1251 2670 sche-

134 2721 225 2782 mate
251 2716 379 2782 initium
407 2714 596 2807 capiamus.
627 2715 741 2804 Atque
768 2712 822 2782 hic
847 2712 978 2805 quidem
1006 2713 1086 2783 dicit
1110 2735 1251 2782 versum

44 2840 48 2844 ’
136 2825 328 2896 Saturnium
349 2848 430 2896 esse
448 2827 626 2896 dimetrum
646 2825 828 2895 iambicum
847 2827 1093 2910 catalecticum,
1109 2831 1165 2920 qui
1185 2827 1250 2896 ad-

134 2942 268 3010 iunctus
301 2945 343 3009 sit
374 2938 482 3010 tribus
522 2939 692 3010 trochaeis
730 2939 793 3009 hoc
821 2940 917 3010 modo
944 2941 994 3031 (v.
1026 2942 1150 3032 2514),

241 3071 286 3142 Ut
313 3075 340 3141 si
365 3080 469 3141 vocet
495 3070 665 3141 Camenas
692 3075 768 3163 quis
795 3094 921 3141 novem
949 3093 1100 3143 sorores.

240 3168 284 3239 Et
310 3166 444 3238 Naevio
473 3177 593 3261 poetae
621 3173 670 3238 sic
693 3167 808 3239 ferunt
832 3168 1005 3252 metellos,

247 3264 332 3335 Cum
361 3287 467 3359 saepe
494 3265 726 3350 laederentur,
757 3287 838 3335 esse
865 3269 1101 3337 comminatus:

245 3361 403 3431 «Dabunt
429 3362 553 3431 malum
580 3361 710 3432 Metelli
735 3364 868 3455 ¹Naevio
893 3371 1054 3456 poetae».

245 3457 405 3528 «Dabunt
430 3459 555 3528 malum
581 3458 731 3529 Metelli»
761 3458 880 3528 clauda
908 3483 985 3554 pars
1011 3460 1157 3531 dimetri.

138 3591 273 3662 Deinde
300 3613 336 3660 V.
368 3592 474 3661 2523:

241 3722 324 3795 Post
352 3721 506 3792 «Naevio
533 3733 677 3817 poetae»
709 3731 780 3792 tres
807 3722 906 3793 vides
933 3722 1125 3793 trochaeos:

240 3819 325 3890 Nam
353 3820 398 3889 nil
426 3819 525 3890 obest
551 3819 723 3904 trochaeo,
753 3820 857 3911 longa
885 3819 974 3912 quod
1001 3842 1163 3913 suprema
1182 3827 1248 3889 est.

135 3952 234 4035 Quae
260 3956 339 4044 quin
368 3950 517 4020 Saturnii
543 3973 668 4027 versus
696 3951 856 4043 exempla
882 3949 1089 4020 Terentiano
1115 3949 1253 4042 quidem

133 4070 210 4138 visa
238 4069 318 4151 sint,
347 4064 491 4137 dubitari
518 4087 586 4136 non
612 4071 739 4160 potest.
769 4064 835 4135 Sed
853 4070 1012 4157 quamvis
1030 4065 1256 4135 horumver-
