2746 4530
618 297 663 368 dd

194 500 328 578 Baiocas
353 505 527 592 rubricae,
555 529 636 579 cera
662 531 766 581 omno
789 512 912 604 eorpus
939 514 1075 582 intinxit
1098 511 1170 583 tibi.

87 652 245 747 Denique
273 653 368 725 idem
395 656 479 726 dixit
505 654 606 728 (iure.
634 655 694 743 ΠΙ,
723 660 759 746 1·,
786 660 832 732 23
861 660 979 756 (393);

193 804 246 876 Ι)ε
273 799 442 877 Cdelitum
468 811 629 909 prosapia
655 766 794 882 ιεέεεε
822 811 982 899 arbitror,

87 977 284 1051 quanquam
310 957 574 1052 Ennius-qui
600 960 696 1032 iocus
722 969 776 1032 est
799 965 834 1032 in
860 961 1027 1034 Varronis
1053 962 1096 1033 de
1121 963 1193 1034 lin-

86 1095 155 1165 gua
181 1072 286 1143 latina
312 1072 391 1160 Vll,
414 1074 457 1143 71
478 1073 815 1147 Maeli—inversu
842 1075 948 1150 heroo
977 1081 1194 1172 correptione

84 1210 167 1259 usus
194 1197 247 1257 εει
272 1193 332 1259 sie:

295 1337 417 1408 decem
444 1335 607 1425 Coclites,
622 1352 724 1433 lquos
751 1337 918 1410 montibu'
943 1340 1094 1411 summis

192 1487 333 1582 Ripaeis
360 1485 490 1559 fodere.

84 1655 143 1726 Sin
169 1658 371 1726 coniecturis
399 1655 578 1748 indulgere
606 1657 696 1741 lieet,
737 1659 854 1727 nescio
893 1677 936 1726 an
968 1655 1078 1726 Plauti
1103 1677 1191 1726 ver-

82 1793 154 1850 sus,
182 1772 238 1862 qui
266 1777 319 1839 εει
343 1768 443 1841 diost.
473 1769 501 1853 Ι,
530 1771 565 1855 2,
596 1772 638 1842 31
666 1768 754 1862 (112
781 1768 842 1857 R„
872 1769 938 1840 107
968 1772 1080 1855 Lor.):

189 1935 300 2028 Tigna
327 1935 518 2030 putrefacit,
546 1937 658 2033 perdit
681 1959 827 2034 oporam
851 1935 953 2050 fabri,

82 2101 209 2197 probus
237 2106 281 2172 sit
306 2110 505 2175 tetrameter
530 2107 691 2192 creticus,
731 2114 768 2176 nt
793 2108 851 2198 qui
876 2105 1034 2197 utrinque
1060 2103 1189 2195 legun-

84 2225 149 2286 tur.
179 2217 217 2286 ln
244 2216 378 2311 plebeio
405 2226 522 2291 autem
548 2241 713 2291 sermone
738 2242 842 2314 quam
868 2240 983 2312 neque
1008 2217 1092 2287 haee
1118 2240 1187 2289 ne-

81 2353 144 2424 que
172 2332 227 2399 iila
256 2335 340 2402 ratio
369 2334 499 2416 vicerit,
529 2333 678 2404 declarat
693 2333 893 2424 linguarum
913 2330 1186 2402 Romanensium

80 2453 253 2529 accentus,
283 2448 379 2517 cuius
406 2450 557 2538 positura
584 2446 702 2517 multis
727 2447 763 2518 in
789 2445 907 2518 verbis
947 2454 1020 2516 tam
1046 2448 1184 2538 antiqua

79 2571 143 2646 est,
172 2572 207 2632 ut
231 2564 363 2642 vocalis
389 2567 570 2635 immutata
609 2567 663 2635 sit.
696 2563 814 2657 Itaque
852 2563 1000 2634 latinum
1039 2567 1186 2655 penetro

80 2679 166 2771 apud
193 2677 295 2748 italos
322 2676 451 2748 iactum
478 2687 531 2749 est
551 2681 714 2772 pene'tro,
742 2699 805 2773 pro
830 2677 978 2748 colubro
995 2677 1101 2748 iidem
1127 2678 1185 2749 di-

79 2799 157 2859 eunt
190 2790 344 2876 colubro,
384 2790 606 2883 Franoogaili
642 2792 844 2882 contestare,
881 2814 942 2885 pro
967 2791 1084 2862 utnon·
1109 2791 1184 2864 Itali

63 2905 223 2998 -utldpru
253 2905 396 3001 Hispani
422 2909 555 2999 utapro,
583 2930 646 3003 pro
671 2907 822 2978 tenebris
847 2906 990 3002 Hispani
1015 2907 1181 2978 teaidbla.

77 3017 149 3088 ltaii
177 3029 301 3104 autern,
331 3042 526 3112 quanquam
554 3022 751 3092 Romanum
790 3030 971 3092 acoentum
1007 3030 1124 3092 tenent
1148 3022 1184 3092 in

77 3132 128 3205 his
153 3136 309 3222 tenebre,
338 3135 488 3224 latebra,
514 3137 687 3226 uertebra,
713 3139 871 3224 cerebro,
906 3138 1056 3223 celebre,
1091 3159 1183 3209 enn-

77 3248 156 3318 dem
183 3257 354 3319 mutarunt
378 3254 413 3320 in
440 3251 503 3322 hoo
526 3252 712 3344 palpebre,
741 3255 838 3324 onius
865 3253 982 3323 similo
1000 3250 1183 3322 estFron-

76 3363 276 3454 rogaiiirnm
300 3368 488 3456 prosapiem,
516 3387 629 3458 neque
654 3366 743 3438 bona
781 3370 879 3437 vocis
905 3366 1044 3455 feretro
1068 3387 1183 3436 vocu-

75 3475 154 3546 latio
181 3477 343 3570 impediit,
360 3500 404 3548 ne
422 3480 628 3573 positionem
655 3479 801 3551 debilem
821 3489 1047 3572 sequerentur
1071 3483 1104 3550 in
1124 3502 1180 3566 eo,

75 3592 162 3683 quod
190 3599 242 3659 εει
267 3592 415 3677 faretra.
444 3592 622 3684 Inteqrum
662 3603 786 3676 autern,
824 3598 921 3665 ouius
960 3594 1108 3665 secunda
1146 3599 1182 3667 in

75 3705 213 3776 casibus
241 3705 388 3799 obliquis
414 3708 508 3778 etin
535 3708 699 3780 derivatis
725 3708 890 3804 producta
917 3718 970 3781 est
988 3731 1006 3778 a
1025 3708 1182 3781 Lucretio

73 3819 103 3900 1,
133 3822 198 3890 927
229 3820 305 3911 (IV,
335 3822 387 3911 2),
415 3821 521 3909 1032,
558 3823 604 3910 ΙΙ,
630 3823 738 3909 1146,
766 3822 828 3906 ΙΙΙ,
856 3824 940 3910 231,
968 3823 1010 3894 ab
1036 3821 1181 3896 Horatio

77 3934 147 4005 Sat.
177 3935 222 4019 ΙΙ,
253 3936 287 4018 2,
317 3937 385 4006 113
412 3944 447 4006 ει
471 3937 507 4023 4,
536 3938 595 4022 34,
625 3960 644 4007 a
671 3937 828 4030 Vergilio
854 3938 929 4008 Eoi.
959 3938 995 4023 4,
1025 3941 1060 4024 5,
1089 3937 1181 4024 olibi,

76 4057 113 4121 ει
137 4049 208 4120 itali
237 4059 270 4119 rt
294 4049 438 4145 Hispani
464 4060 498 4122 et
523 4052 737 4145 Franuogalli
775 4060 918 4124 aooentu
944 4060 1098 4147 prornoto
1123 4052 1181 4122 di·
