2746 4530
634 260 681 335 89

104 477 188 546 satis
213 494 283 544 non
308 477 364 544 sit.
391 469 504 564 ringo
541 479 660 541 tamen
685 473 788 543 etiam
812 468 877 543 boc
902 490 1025 541 uerum
1048 491 1143 545 esse:
1178 477 1214 543 at

104 589 255 661 secunda
283 587 392 660 thesis
417 589 453 657 in
478 585 648 679 dactylum
674 585 786 656 soluta
810 593 866 657 est
878 583 983 678 idque
1007 588 1085 657 sine
1108 583 1214 659 diae-

103 709 187 776 resi.
218 703 287 775 Sed
312 706 416 773 etiam
441 705 472 772 si
496 699 584 773 nibil
620 703 679 785 sit,
705 700 797 794 quod
834 708 977 771 meuum
1008 707 1154 787 avertat,
1179 708 1214 773 at

105 824 217 892 oratio
242 829 321 914 post
343 840 469 889 vocem
493 820 678 888 exercitas
701 839 771 893 non
808 825 886 912 apte
916 815 1088 900 inciditur,
1115 824 1152 888 ut
1176 819 1212 889 in

103 956 209 1006 versu
236 935 433 1026 insequenti
457 929 671 1002 absolvatur.
700 933 795 1016 Quae
818 952 895 1001 cum
927 932 975 1001 ita
1000 933 1081 1016 sint,
1120 929 1211 1005 bene

104 1047 283 1119 Vablenus
323 1068 446 1118 vocem
482 1049 667 1116 wercitss
704 1054 741 1117 ut
775 1045 950 1137 glossema
985 1047 1102 1130 eiecit,
1141 1066 1211 1119 nou

103 1161 194 1234 bene
220 1170 333 1233 tamen
355 1182 446 1231 voce
470 1183 603 1230 omnem
638 1167 718 1255 post
740 1158 787 1248 id,
812 1157 900 1254 quod
938 1165 994 1229 est
1020 1163 1212 1251 intepretes,

105 1277 217 1348 addita
243 1277 431 1348 diaeresim
456 1274 608 1346 sustulit.
637 1272 757 1367 Neque
782 1295 869 1344 vero
893 1276 1074 1367 quicquam
1101 1271 1213 1343 adda-

105 1403 159 1461 tur
184 1414 271 1486 opus
297 1399 363 1474 est,
390 1412 472 1459 oum
496 1411 623 1460 versus
648 1391 773 1484 optime
797 1389 844 1458 ita
869 1387 1069 1482 procedant:

155 1557 293 1629 Transit
316 1557 469 1629 Melitam
494 1557 685 1639 Romanus,
761 1556 909 1628 insulam
934 1560 1100 1652 integram

153 1655 228 1726 Urit
257 1656 436 1750 populatur
460 1663 589 1742 vastat,
756 1677 828 1724 rem
853 1654 1002 1726 bostium
1020 1657 1211 1727 concinnat.

107 1823 182 1896 Huc
209 1825 352 1910 accedit,
381 1825 471 1919 quod
498 1834 532 1897 et
556 1825 736 1896 Romanus
759 1847 824 1915 per
862 1826 1105 1919 synecdochen
1137 1824 1214 1896 dic·

108 1945 182 2007 tum
211 1960 413 2010 sermonem
438 1943 607 2033 poeticum
633 1942 748 2032 magis
773 1939 886 2027 decet,
913 1962 1019 2034 quam
1044 1938 1108 2010 boc
1134 1939 1214 2011 Ro-

108 2076 229 2122 manus
253 2058 453 2141 exercitus,
481 2063 527 2140 et,
554 2077 635 2124 cum
662 2055 761 2127 elisio
785 2053 914 2149 duplex
937 2057 1118 2142 vinissit,
1137 2057 1214 2149 syl-

106 2166 184 2238 laba
209 2167 374 2262 producta
406 2172 440 2238 iu
467 2167 615 2239 diaeresi
651 2177 819 2240 servatur.
859 2167 1019 2254 Quintum
1057 2171 1213 2242 eiusdem

107 2283 285 2375 positionis
323 2282 517 2376 exemplum
555 2285 589 2352 in
622 2281 923 2355 emendationibus
961 2283 1209 2356 enucleabitur.

107 2395 307 2490 Quanquam
332 2399 367 2467 in
392 2395 550 2468 Saturnio
576 2397 639 2469 hoc
665 2398 875 2493 producendi
899 2420 1012 2494 genus
1029 2421 1098 2471 non
1124 2422 1213 2473 con·

108 2516 250 2582 stantius
276 2516 424 2598 servari,
452 2535 552 2606 quam
579 2515 613 2584 in
638 2516 821 2587 notissimo
846 2514 904 2586 illo
931 2513 1048 2586 Ovidii
1066 2538 1183 2588 versu:

212 2661 256 2732 Et
280 2666 389 2756 primo
415 2661 543 2734 similis
568 2663 713 2747 volucri,
742 2683 821 2733 mox
847 2684 931 2733 vera
956 2663 1122 2745 volucris,

108 2822 257 2900 nonest,
286 2813 378 2907 quod
404 2816 614 2905 argumentis
654 2812 886 2909 comprobem.
915 2811 1024 2899 Quam
1063 2812 1106 2884 ob
1139 2835 1213 2884 rem

108 2924 196 2999 bene
226 2927 383 2998 traditum
411 2934 465 2998 est
488 2926 552 2996 hoc
577 2927 679 2998 Livii:

155 3077 264 3149 Simul
281 3099 321 3146 ac
347 3077 506 3146 lacrimas
532 3077 573 3148 de
600 3099 661 3149 ore
768 3100 905 3173 noegeo
933 3079 1089 3153 detersit.

107 3227 177 3300 Sed
202 3231 237 3298 in
263 3230 576 3320 antiquissimorum
593 3237 776 3322 poetarum
792 3229 968 3314 versibus,
987 3251 1064 3301 oum
1082 3249 1215 3301 summa

107 3364 226 3414 eorum
253 3343 371 3434 regula
396 3364 466 3413 non
493 3347 636 3435 originis
662 3347 826 3433 rationes,
851 3346 912 3417 sed
951 3346 1063 3439 populi
1098 3365 1213 3418 sermo

107 3465 142 3528 et
166 3479 249 3529 usus
275 3456 387 3541 fuerit,
417 3467 554 3552 praeter
579 3468 749 3531 mutarum
777 3461 1046 3554 liquidarumqne
1064 3461 1222 3558 conexi--

105 3593 192 3643 ones
220 3573 310 3642 aliud
336 3574 504 3667 quoddam
530 3577 708 3668 positionis
733 3574 856 3647 debilis
881 3596 993 3668 genus
1023 3576 1208 3646 invenitur.

106 3683 237 3757 Eadem
264 3690 356 3758 enim
382 3708 534 3760 consona
559 3687 612 3760 bis
635 3692 760 3783 posita,
789 3713 871 3762 cum
901 3699 969 3761 tam
995 3689 1122 3761 similis
1148 3710 1213 3761 es-

103 3810 159 3872 set
184 3801 361 3890 simplicis,
389 3808 426 3871 ut
449 3803 631 3896 antiquitus
657 3805 765 3876 semel
792 3807 871 3896 poni
895 3804 1037 3892 soleret,
1054 3803 1213 3876 vocalem

102 3915 389 4009 praecedentem,
429 3918 586 3987 etiamsi
623 3916 686 3988 sub
718 3922 784 3991 ictu
819 3927 932 4004 esset,
965 3940 1034 3990 non
1075 3938 1214 4012 semper

103 4029 328 4122 producebat.
357 4027 475 4122 ltaque
489 4029 628 4103 Plautus
647 4053 708 4128 per
726 4034 924 4130 simplicem
947 4034 1034 4104 dixit
1050 4031 1176 4104 Hilari«
