2746 4530
501 301 722 379 sid

137 514 228 609 quod
255 523 334 584 ante
359 516 475 607 ipsam
500 533 685 583 caesuram
710 519 777 597 est,
808 510 995 582 Penatium
1015 517 1073 580 aut
1095 530 1157 604 per
1182 512 1255 582 tri·-

134 625 310 722 spilabum
337 625 546 719 appeliatum
572 632 629 695 aut
655 629 689 695 iu
713 624 889 695 Peautum
919 631 1134 695 contractum
1164 624 1254 706 vult.

132 749 170 810 ut
194 762 239 811 ne
266 739 413 812 elisione
439 739 580 833 quidem
610 760 757 811 caesura
775 737 942 810 turbetur.
963 736 1041 830 Ego
1058 760 1159 824 vero,
1180 737 1249 810 do·

133 877 199 926 uec
226 853 292 924 alia
319 854 484 949 exempta
511 853 798 947 accedantque
821 855 908 924 'rem
945 862 1005 924 aut
1040 851 1254 926 confirmem

132 978 190 1057 aut
215 967 429 1055 subvertant,
459 968 543 1040 nihil
569 969 774 1040 mutandum
800 969 978 1040 existima.
1006 965 1099 1038 Nam
1123 969 1158 1039 in
1176 968 1249 1039 eii-

131 1083 244 1156 dendo
265 1082 388 1153 ultima
414 1083 654 1177 praecedentis
678 1086 777 1156 vocis
802 1083 936 1154 vocalis
953 1104 1023 1155 nou
1042 1105 1124 1152 cum
1144 1085 1249 1155 insa·

64 1211 66 1218 '
130 1203 247 1294 quenti
272 1207 452 1292 tamquam
477 1201 658 1272 coniuncta
683 1197 840 1269 habenda
866 1207 934 1285 est,
963 1198 1038 1283 sed,
1066 1220 1149 1267 eum
1167 1207 1251 1270 aute

130 1317 235 1388 aliam
263 1316 424 1387 vocalem
448 1313 549 1387 brevi
575 1313 720 1388 brevior
737 1314 807 1399 bat,
827 1323 866 1385 ut
882 1338 927 1385 ne
945 1335 1086 1385 moram
1104 1313 1249 1407 quidem

130 1432 279 1525 expleat,
307 1438 450 1524 utraque
475 1451 549 1501 vox
562 1430 706 1500 dicendo
721 1430 953 1522 distinguitur.
973 1427 1097 1521 Atque,
1111 1438 1148 1496 ut
1159 1449 1251 1515 caa-

131 1568 254 1619 suram
268 1542 428 1615 mobilem
443 1548 594 1614 missam
620 1541 760 1629 faciam,
786 1547 818 1614 in
834 1564 1019 1636 quaquam
1034 1539 1135 1611 iaaile
1148 1540 1250 1613 elisia

131 1658 203 1744 liat,
233 1662 316 1730 satis
343 1664 492 1741 canstat,
519 1660 626 1727 etiam
661 1657 848 1750 langorum
881 1677 1063 1741 versuum,
1098 1655 1248 1747 quorum

132 1796 281 1846 caesura
307 1795 420 1867 neque
458 1774 543 1844 citro
582 1793 696 1865 neque
727 1772 816 1843 uitro
846 1777 1021 1855 movetur,
1056 1777 1182 1839 natura
1214 1779 1250 1841 et

131 1888 289 1961 condicio
316 1885 358 1957 ab
385 1886 449 1958 hoc
475 1886 634 1958 elisiouis
660 1908 792 1978 genere
818 1907 924 1977 quam
953 1905 1022 1955 non
1049 1880 1244 1967 abhorreat,

131 2002 245 2072 muita
271 2009 304 2072 et
329 2003 427 2073 varia
454 2000 617 2094 exempla
643 2000 768 2071 dusera
794 2007 950 2095 possunt.
980 1997 1070 2069 Sloci
1103 1997 1248 2090 quidem

127 2114 236 2187 indici
266 2115 471 2208 exemplum
496 2117 563 2183 erit
588 2135 608 2183 e
632 2111 939 2210 Siubapardkrami
966 2119 1048 2199 vita,
1083 2134 1173 2205 quae
1211 2115 1246 2184 in

135 2227 461 2320 liatbdsaritsdgaro
486 2235 552 2298 est:

182 2377 472 2473 Tatrdrpitexairo
499 2378 675 2470 draxydsp
702 2376 1028 2472 autabpratimatdm
1055 2378 1126 2461 iva,

126 2549 195 2622 quo
221 2529 256 2597 in
281 2549 388 2599 versu
415 2530 442 2598 si
460 2548 529 2597 non
548 2526 662 2611 elisio,
682 2534 721 2596 at
739 2534 834 2598 certe
848 2528 1016 2619 syniuesis
1036 2531 1102 2595 est.
1122 2523 1249 2609 Ouan-

129 2663 238 2735 quam
265 2641 426 2714 eiusdem
448 2643 553 2712 metri
580 2639 797 2713 hemistichia
814 2640 909 2710 biatu
925 2641 1133 2734 saepissime
1152 2635 1247 2708 divi-

132 2757 269 2842 duntur,
297 2764 334 2828 ut
359 2760 393 2828 in
421 2757 485 2829 hoa
510 2756 686 2852 exemplo:

149 2921 224 3014 ¹Ya
249 2920 419 2993 dbruvdiri
445 2921 872 3016 paritpajya-adbruvdiri
902 2923 1070 3009 niievata,

174 3017 354 3090 Dhruvaru
382 3026 481 3112 taspa
506 3019 920 3112 napyauti-adbruvam
937 3019 1085 3093 nadt'am
1103 3041 1170 3090 ava
1188 3041 1242 3091 aa.

129 3185 320 3256 Praeterea
347 3185 428 3256 vide
454 3183 688 3279 Buebtiingkii
722 3140 1051 3274 dirrastomathum
1086 3211 1120 3282 p.
1156 3187 1242 3262 445.

125 3299 431 3393 Fraueogaliorum
456 3322 582 3375 versus
609 3303 836 3374 Alexandrini
858 3302 1063 3398 exemplum
1081 3301 1246 3376 Athaliaa

124 3413 337 3485 Raciniauae
361 3417 501 3485 initium
528 3416 771 3512 suppeditabit:

179 3560 259 3646 Oui,
285 3567 319 3650 je
344 3564 446 3633 vieus
472 3533 558 3635 daus
585 3586 649 3636 son
674 3565 808 3660 temple
833 3565 958 3638 adurar
983 3563 1162 3651 i’Eteruei‚

174 3658 217 3730 Je
244 3661 345 3730 viens
370 3658 469 3730 saion
496 3659 630 3752 l'usage
655 3666 794 3755 antique
821 3671 857 3734 st
880 3663 1049 3734 soienuei.

135 3805 203 3878 Sed
230 3806 342 3878 hiatus
367 3829 436 3880 uon
463 3813 579 3901 magis
608 3814 642 3881 in
664 3832 823 3896 caesura,
844 3833 948 3904 quam
967 3815 1144 3883 iuncturis
1164 3833 1247 3884 var·

128 3945 190 3995 sus
216 3924 370 4018 partibus
391 3928 433 3995 in
456 3947 549 3997 nova
583 3927 711 4000 saitem
745 3950 870 3998 eorum
907 3932 1007 4025 poesi
1039 3929 1243 4004 admittitur.

127 4035 250 4131 Neque
264 4038 348 4109 baec
362 4047 479 4111 nostra
491 4044 609 4136 opinio
623 4045 812 4137 quiequam
826 4045 985 4140 impedit,
997 4045 1079 4138 quin
1087 4043 1246 4116 Momm-
