2746 4530
604 284 650 356 20

68 523 88 570 a
115 501 203 572 thesi
229 497 392 580 ordiatur,
421 516 533 587 neque
559 492 634 578 hoe,
674 503 785 566 utrum
809 497 914 566 arsim
939 503 1013 566 tres
1039 495 1184 566 duaeve

69 637 114 686 an
139 635 207 685 una
233 611 339 683 thesis
377 616 553 702 sequatur,
594 629 708 700 neque
746 619 860 680 utrum
896 632 1053 704 quaeque
1093 613 1185 681 arsis

69 728 192 799 thesim
218 735 296 822 post
322 748 361 797 se
389 723 500 794 trahat
524 746 567 794 an
587 723 676 794 duae
694 747 792 797 arses
810 747 849 795 se
867 728 1052 820 excipiant.
1083 723 1182 811 Quod

70 865 181 936 genus
207 863 332 912 versus
358 843 459 931 eique
485 845 519 908 et
536 838 681 909 duorum
699 847 735 908 et
750 843 851 909 trium
871 843 995 909 ictuum
1015 844 1048 910 in
1068 841 1184 910 Soan-

71 956 276 1028 diuavorum
303 962 461 1025 vetorum
479 954 576 1046 poesi
594 956 719 1044 optime
737 956 899 1046 cognosci
918 960 1073 1048 possunt,
1095 976 1189 1046 qua-

70 1070 123 1143 les
149 1074 228 1140 sint.
258 1070 312 1142 Ao
339 1068 485 1137 dimeter
516 1067 651 1158 quidem
686 1089 809 1138 versus
826 1108 868 1121 -
885 1071 935 1140 sic
961 1071 1054 1139 enim
1088 1072 1188 1163 poti-

70 1207 112 1256 us
139 1207 215 1254 eum
244 1185 410 1266 dicemus,
440 1202 539 1276 quam
566 1181 708 1251 duorum
736 1185 862 1252 ictuum
882 1219 921 1234 —-
940 1183 1086 1253 dimeter
1112 1185 1186 1274 igi-

69 1307 137 1384 tur,
166 1301 223 1390 qui
248 1319 368 1368 eorum
406 1297 524 1386 lingua
563 1293 832 1389 Starlradharlag
870 1298 1004 1382 dicitur,
1046 1303 1080 1366 in
1111 1300 1187 1368 eius

70 1423 165 1484 certe
192 1412 311 1507 populi
336 1408 545 1482 carminibus
572 1410 676 1480 multo
703 1414 920 1481 remotiorem
948 1413 1185 1504 antiquitatem

69 1527 191 1611 refert,
220 1548 320 1618 quam
347 1526 500 1595 trimeter
525 1523 738 1609 Scaldorum,
759 1527 814 1594 cui
840 1524 1088 1596 Drdttkvaedhi
1113 1546 1186 1595 no-

71 1664 150 1713 rnen
176 1649 241 1711 est.
271 1640 433 1711 Getemm
458 1640 648 1709 trimetrum
675 1660 810 1730 queque
839 1639 928 1733 apud
950 1661 1010 1721 eos
1035 1638 1115 1709 inde
1141 1638 1185 1709 ab

71 1755 318 1846 antiquissimis
345 1751 554 1845 temporibus
589 1754 623 1820 in
651 1773 715 1820 usu
748 1750 869 1836 fuisso,
907 1751 1059 1822 declarat
1097 1750 1183 1842 Ljo-

70 1868 218 1939 dhalraitti
245 1889 333 1960 quae
360 1866 483 1936 dieitur
510 1866 671 1959 strophae
698 1866 835 1960 ultimus
861 1888 986 1936 versus
1012 1875 1047 1936 et
1072 1867 1178 1937 nnn-

68 1983 193 2066 henda,
215 2003 316 2074 quae,
337 1997 530 2073 quanquam
558 1983 708 2049 trimetra
734 1988 826 2064 sunt,
848 1980 1002 2065 easdem,
1031 2001 1116 2072 quas
1135 1980 1186 2050 di-

68 2105 190 2180 meter,
220 2094 375 2163 licentias
400 2095 584 2186 patiuntur.
616 2093 685 2163 Sed
711 2095 778 2162 iam
815 2095 1012 2188 exemplum
1045 2093 1181 2164 dimetri

68 2230 250 2303 ponamus,
279 2206 369 2300 quod
401 2228 446 2276 ex
472 2204 568 2276 Edda
605 2209 794 2277 vetustiore
833 2230 852 2277 a
890 2205 1020 2277 Raslrio
1053 2230 1179 2302 sump-

68 2332 137 2394 tum
163 2331 228 2394 est:

176 2485 292 2557 Sailrno
319 2487 363 2558 ek
388 2493 401 2559 i
427 2489 518 2557 sessi
677 2484 730 2556 ok
757 2490 904 2578 saeingu

174 2581 269 2655 Mtns
295 2587 480 2668 malvinor3
680 2583 791 2654 Valda
817 2581 927 2675 migir
949 2583 1078 2674 dolm,

173 2680 286 2752 Valda
312 2680 421 2773 migir
448 2679 562 2770 Gjilka
681 2677 781 2750 Minu
808 2675 920 2763 bo'lvi,

177 2777 446 2868 Sy'stursinnar
687 2774 813 2848 Sdmm
838 2775 942 2869 griti.

117 2961 381 3047 Animadverte,
411 2985 466 3046 ea,
496 2983 583 3054 quae
623 2962 784 3032 inclinata
821 2962 992 3033 literarum
1025 2962 1135 3032 forma
1165 2987 1186 3035 a

69 3075 169 3150 uobis
194 3083 310 3147 notata
344 3083 436 3159 sunt,
474 3083 540 3181 tam
580 3074 738 3147 breviter
775 3077 854 3162 dici,
894 3086 931 3147 ut
957 3077 998 3148 ad
1035 3085 1185 3149 metrum

70 3214 139 3263 non
164 3195 370 3286 pertineant.
400 3189 559 3260 Trimetri
587 3194 782 3286 exemplum
811 3214 832 3262 e
857 3190 1049 3263 Rdohenda
1076 3195 1132 3262 sit:

179 3357 289 3428 Thess
317 3378 397 3426 mun
421 3337 643 3450 greppva'ra
752 3353 939 3448 Gdllhrlng
964 3360 1078 3450 spira.

3 3566 17 3590 .
67 3520 140 3594 Neo
174 3521 373 3592 dissimilem
413 3521 639 3593 versificandi
665 3525 831 3593 rationem
870 3522 958 3618 apud
1001 3520 1213 3624 Hebraeos⁴

67 3633 180 3707 Meier
205 3639 369 3741 repperit.¹
402 3635 508 3706 Cuius
535 3659 555 3705 e
580 3634 669 3706 libro
711 3635 797 3727 (Die
835 3634 939 3707 Form
977 3635 1039 3705 der
1069 3635 1180 3709 Hebr.

67 3749 191 3822 Poesie
217 3774 252 3846 p.
282 3750 344 3843 26)
371 3750 435 3821 hoc
462 3752 658 3847 exemplum
686 3753 831 3845 sumpsi:

280 3916 336 3988 Me
362 3917 487 3991 hachel
593 3919 672 3990 laza
699 3919 839 3991 maakal

278 4013 466 4087 U'-me-ds
604 4016 683 4087 laad
710 4019 835 4110 matoq.
