2746 4530
661 262 706 336 87

237 468 371 547 Bueoas
395 472 570 560 rubricae,
598 497 679 547 aera
704 498 810 549 omno
832 479 956 571 corpus
982 480 1118 549 intinxit
1141 477 1213 549 tibi.

130 623 289 717 Denique
316 622 411 694 idem
438 623 522 694 dixit
548 622 648 695 Cure.
677 623 738 712 ill,
767 627 802 714 1·,
831 627 875 699 23
904 627 1022 722 (393):

236 773 290 845 De
316 768 486 845 coelitum
511 779 672 878 prosapia
698 734 837 851 ιεέεεε
865 777 1026 865 arbitror,

130 948 328 1019 quanquam
353 925 618 1020 Ennius-qui
643 928 739 1000 loeus
765 937 820 1000 εει
842 933 876 999 in
903 927 1071 1000 Varronis
1097 929 1140 1001 de
1165 929 1236 999 iin-

130 1065 199 1135 gua
225 1042 329 1112 latina
356 1041 435 1128 Vll,
457 1043 501 1112 71
521 1042 726 1113 Maeli-in
752 1065 858 1114 verso
885 1042 992 1116 heroo
1021 1047 1237 1138 correptione

128 1179 211 1228 usus
238 1166 291 1226 εει
316 1162 376 1227 sio:

339 1306 461 1377 decem
487 1305 651 1393 Coclites,
666 1321 768 1401 -ques
795 1304 962 1377 montibu'
987 1306 1138 1379 summis

236 1456 377 1551 Ripaeis
404 1454 534 1528 fodere.

128 1625 187 1695 Sin
213 1626 415 1696 oonieeturis
443 1623 622 1717 indulgere
650 1625 740 1709 lieet,
780 1625 898 1695 neseio
937 1645 980 1693 an
1012 1620 1122 1691 Plauti
1146 1643 1234 1692 ver-

127 1763 198 1820 sus,
226 1741 282 1831 qui
310 1747 363 1808 εει
387 1736 487 1808 Μοει.
518 1737 545 1823 Ι,
574 1739 682 1823 2,“31
710 1736 798 1829 (112
825 1734 886 1825 lt,
916 1735 982 1806 107
1012 1738 1124 1821 Lori:

233 1904 345 1997 Tigna
371 1903 562 1999 putrefacit,
591 1905 702 2000 perdit
725 1927 871 2000 operam
895 1901 997 2017 fabri,

127 2071 253 2165 probus
281 2075 325 2141 sit
350 2079 550 2143 tetrameter
574 2075 735 2159 creticus,
775 2081 812 2142 ut
837 2075 895 2165 qui
921 2072 1079 2163 utrinque
1104 2070 1233 2162 legun·

128 2195 193 2256 tur.
224 2185 262 2256 ln
288 2186 423 2280 plebeio
450 2194 567 2259 autem
593 2209 757 2258 sermone
782 2209 887 2281 quam
913 2206 1029 2278 neque
1054 2184 1137 2254 haee
1162 2206 1232 2254 no-

125 2322 189 2393 que
216 2301 272 2368 illn
299 2305 385 2371 ratio
413 2303 544 2384 uioerit,
574 2301 723 2372 declarat
738 2300 938 2392 linguarum
958 2297 1230 2368 Romanensium

126 2422 298 2498 aeoentus,
327 2417 423 2486 ouius
451 2419 602 2507 positura
629 2415 747 2484 multis
772 2416 808 2485 in
834 2413 952 2484 verbis
991 2421 1064 2483 tam
1091 2415 1230 2505 antiqua

125 2541 188 2615 εει,
216 2541 252 2601 ιιι
276 2533 408 2611 voratis
433 2536 615 2603 immutata
654 2535 708 2603 sit.
742 2531 859 2624 ltaque
896 2531 1045 2601 latinum
1084 2533 1231 2622 penetro

126 2648 210 2740 apud
238 2646 340 2717 Italos
366 2646 496 2716 facturn
522 2655 575 2718 est
595 2649 759 2740 penetro,
787 2667 851 2740 pro
875 2644 1023 2716 colubro
1040 2644 1146 2715 iidem
1171 2645 1230 2715 di-

126 2768 201 2829 ount
235 2759 389 2846 coruom,
429 2759 650 2852 Franoogaili
688 2760 889 2849 conterere,
926 2780 986 2852 pro
1012 2759 1129 2829 atteri
1154 2758 1229 2830 ltaii

112 2875 269 2968 oile'pro,
298 2874 441 2969 Hispani
467 2877 600 2967 ote'qre,
629 2898 692 2970 pro
716 2875 868 2946 tenebris
892 2873 1035 2970 Hispani
1060 2874 1225 2945 tentetis.

124 2984 193 3057 Itali
221 2998 347 3072 autern,
376 3009 571 3082 quanquam
599 2990 797 3061 Romanum
835 2997 1016 3059 accentum
1052 2996 1170 3059 tenent
1193 2989 1229 3058 in

125 3100 173 3174 his
198 3104 354 3191 tenebre,
383 3104 533 3192 latebra,
559 3106 732 3194 vertebra,
758 3106 917 3191 cerebro,
951 3105 1102 3191 celebre,
1137 3126 1228 3175 eun·

125 3216 201 3289 dem
228 3226 399 3289 mutarunt
423 3223 458 3288 in
485 3218 548 3290 hoo
570 3220 757 3312 palpebra,
787 3222 884 3290 euius
911 3220 1027 3289 simile
1045 3217 1228 3289 estFran-

125 3332 322 3423 rogaliicunr
346 3336 533 3424 peroptare,
562 3355 675 3426 neque
700 3335 789 3406 bona
826 3337 925 3405 vocis
950 3333 1089 3421 feretro
1114 3355 1228 3403 vocu-

124 3441 199 3514 latio
225 3446 389 3539 impediit,
406 3469 450 3517 ne
468 3449 674 3541 positionem
701 3446 847 3518 debilem
866 3456 1092 3540 sequerentur
1117 3450 1225 3533 ineo,

124 3560 208 3650 quod
234 3568 289 3629 est
313 3561 461 3646 feretro.
490 3561 668 3653 lnteqrum
707 3571 831 3643 autem,
870 3565 966 3633 ouius
1005 3562 1153 3633 secunda
1191 3565 1228 3634 in

125 3674 258 3746 casibus
287 3674 435 3768 obliquis
460 3685 495 3746 et
520 3679 554 3746 in
581 3676 745 3748 derivatis
771 3677 936 3771 producta
962 3685 1016 3748 est
1034 3700 1053 3745 a
1071 3675 1227 3747 Lucretio

124 3784 149 3867 l,
177 3792 244 3861 927
274 3789 351 3881 (IV,
381 3792 434 3881 2),
462 3790 567 3879 1032,
604 3791 650 3881 ΙΙ,
677 3792 784 3878 1146,
812 3790 874 3873 VI,
902 3791 986 3876 231,
1014 3790 1056 3861 ab
1083 3789 1227 3862 Horatio

129 3899 193 3973 Sat.
222 3904 268 3989 ΙΙ,
298 3905 333 3988 2,
363 3905 432 3975 113
458 3913 493 3975 ει
518 3907 554 3991 4,
582 3907 641 3990 54,
671 3929 691 3976 a
717 3905 875 3998 Vergilio
900 3905 976 3975 Hel.
1005 3908 1041 3991 4,
1071 3909 1106 3991 5,
1135 3904 1227 3991 aiibi,

129 4024 159 4085 et
183 4019 254 4090 itali
283 4028 316 4089 et
340 4017 484 4114 Hispani
511 4029 544 4090 et
569 4019 785 4113 Franoogalii
821 4028 963 4091 accentu
990 4027 1144 4114 promoto
1170 4019 1227 4089 di·
