2746 4530
699 290 745 366 88

173 515 252 579 cunt
276 511 403 593 intere,
429 507 554 592 eute'ro,
572 507 698 573 entie'r.
716 500 804 573 Nom
829 507 982 593 intepro,
1000 524 1081 571 oum
1106 523 1174 572 non
1188 501 1277 589 idem

170 630 266 693 esset
290 630 390 714 atque
415 623 542 706 tute'ro,
568 640 588 689 e
613 618 716 695 latino
742 618 861 710 lingua
887 618 991 688 multo
1017 625 1094 711 post
1124 619 1279 689 transla-

169 743 238 806 tum
266 743 330 810 est.
355 737 426 804 lam
449 735 565 826 igitur,
594 740 630 801 ut
655 729 817 803 Caesaris
833 731 982 824 Augusti
1008 733 1182 804 saeculum
1208 756 1279 804 no-

171 852 356 920 minativos
381 845 537 931 coluber,
562 850 679 939 piper,
705 846 807 934 liber,
831 845 938 916 ruder
954 847 1169 942 paenultima
1194 870 1278 919 cor-

169 971 279 1058 repta,
306 961 463 1055 obliquos
501 980 603 1031 casus
629 968 664 1031 et
688 960 846 1031 derivata
871 961 992 1032 eodem
1016 962 1181 1056 producta
1208 984 1276 1057 ap·

169 1077 323 1174 pellavit,
352 1080 396 1147 ito
424 1074 522 1170 plebs
548 1079 681 1167 intepri
719 1076 901 1147 secundam
940 1075 1020 1147 alibi
1046 1076 1145 1147 ahter
1173 1077 1279 1149 dicti-

169 1200 262 1264 tasse
288 1190 521 1262 existimanda
546 1198 611 1262 est.
641 1190 755 1283 Atque
782 1192 857 1261 eius
884 1191 1122 1285 appellationis
1148 1192 1277 1262 indici-

168 1328 225 1377 um
263 1309 298 1377 in
330 1327 435 1376 versu
474 1303 631 1376 Saturnio
668 1307 866 1399 repperisse
903 1304 985 1376 mihi
1021 1307 1156 1377 videor.
1194 1305 1281 1378 Sunt

170 1423 261 1491 enirn
285 1418 409 1491 Naevii
446 1419 511 1490 duo
548 1440 688 1507 versus,
726 1424 784 1513 qui
821 1423 856 1490 in
892 1418 995 1492 Nonii
1032 1420 1207 1492 codicibus
1233 1426 1279 1493 ita

171 1537 287 1629 scripti
314 1541 406 1605 sunt:

221 1715 359 1789 Transit
381 1715 536 1789 Melitam
560 1715 734 1788 Romanus
782 1710 981 1788 ‘exercitus
1008 1717 1153 1789 insulam
1179 1720 1239 1788 in-

223 1911 297 1983 Urit
322 1911 503 2006 populatur
528 1915 643 1983 vastat
813 1933 886 1981 rem
911 1910 1057 1982 hostiunr
1084 1821 1278 1982 ddddllau

173 2097 329 2185 Quorum
353 2098 579 2191 posteriorem
618 2093 708 2165 hene
746 2115 786 2166 se
810 2093 940 2166 hahere
978 2117 1082 2190 supra
1107 2096 1278 2183 vidimus,

172 2215 348 2307 inpriore
375 2219 501 2297 autem,
529 2230 606 2280 cum
633 2210 774 2282 alterum
801 2209 1055 2281 hemistichium
1073 2210 1280 2303 longiuscu-

172 2329 247 2399 lum
284 2326 477 2411 videretur,
517 2324 751 2397 Buechelerus
787 2328 956 2411 coniecit,
997 2331 1142 2420 primam
1180 2327 1280 2399 vocis

172 2447 347 2533 iuteqrom
372 2442 511 2535 corripi,
541 2439 574 2509 id
600 2439 691 2532 quod
716 2438 791 2511 heri
817 2462 921 2534 posse
948 2440 1155 2536 Spengelius
1186 2449 1281 2512 recte

172 2560 327 2650 negavit,
354 2560 428 2650 ipse
460 2553 703 2626 Hermannum
741 2576 892 2646 sequens
931 2555 1083 2647 ultimam
1120 2555 1281 2626 eiusdem

174 2676 270 2745 vocis
297 2671 465 2766 syllohom
491 2694 572 2741 cum
597 2673 712 2765 prima
737 2692 863 2741 versus
900 2674 1113 2764 insequentis
1139 2671 1282 2743 coales-

174 2810 255 2860 cere
276 2786 495 2859 eonfirmavit
519 2809 552 2881 p.
582 2786 667 2858 110.
697 2783 741 2855 At
765 2787 957 2879 quicunque
989 2808 1115 2858 versus
1140 2782 1187 2857 ex
1212 2785 1283 2858 he-

173 2901 350 2978 mistichiis
377 2904 580 2996 asynartens
619 2904 832 2996 compositus
871 2908 937 2986 est,
979 2901 1099 2993 quales
1138 2906 1282 2976 omuino

175 3023 254 3089 sunt
277 3016 431 3111 duplices
458 3019 534 3086 sive
559 3015 665 3104 longi,
700 3017 731 3085 is
770 3022 842 3084 tum
880 3012 1057 3084 ahsolutus
1090 3023 1125 3085 et
1150 3014 1283 3088 solidus

174 3128 330 3214 hahetur,
358 3138 396 3199 ut
419 3150 533 3221 neque
556 3129 686 3222 primus
711 3147 825 3221 neque
864 3137 1042 3199 extremus
1069 3150 1115 3198 ex
1140 3151 1196 3217 eo,
1223 3133 1283 3223 qui

175 3247 281 3316 antdt
305 3246 408 3337 quive
432 3245 635 3335 insequitur,
662 3263 832 3336 quoquam
858 3242 957 3312 modo
983 3243 1134 3336 pendere
1153 3243 1283 3316 video-

175 3369 240 3432 tur.
271 3359 337 3430 Sed
362 3357 417 3430 iac
442 3357 675 3430 Hermannunr
701 3378 824 3428 verum
849 3359 1058 3452 repperisse:
1099 3366 1133 3429 at
1156 3367 1283 3452 poste-

175 3477 257 3546 riori
281 3472 418 3545 dimidio
444 3476 627 3544 anecrusis
653 3471 765 3543 addita
802 3479 867 3542 est.
907 3468 997 3542 Nom
1036 3469 1126 3563 quod
1162 3471 1281 3565 Spen-

175 3589 287 3682 gelius
329 3586 500 3681 syllohom
536 3610 604 3673 ee,
649 3608 756 3680 quam
796 3584 871 3674 hic,
911 3594 948 3665 ut
990 3586 1078 3680 apud
1104 3584 1279 3673 Plautum,

175 3706 299 3798 corripi
335 3725 442 3796 posse
480 3700 675 3786 arbitratur,
716 3701 862 3771 alteram
897 3708 1034 3794 partem
1071 3699 1178 3778 thesis
1216 3721 1282 3772 so·

176 3817 267 3889 lutae
308 3839 389 3889 esse
431 3817 531 3903 dicit,
574 3837 653 3886 cum
692 3817 819 3900 altero,
859 3837 948 3910 quae
987 3824 1081 3889 esset
1121 3836 1200 3900 nus,
1245 3819 1283 3889 in

176 3935 290 4024 priore
328 3929 543 4001 hemistichia
584 3932 767 4015 manserit,
806 3929 871 4003 hoc
912 3939 980 4001 tum
1017 3951 1150 4001 novum
1187 3936 1283 3998 tam·

176 4069 243 4142 que
269 4048 390 4116 mirum
417 4044 599 4117 solutionis
640 4066 754 4137 genus
779 4053 847 4129 est,
876 4044 964 4138 quod
988 4043 1098 4116 verbo
1124 4045 1283 4135 attigisse
