2746 4530
707 293 753 369 88

180 518 261 583 cunt
284 513 411 595 iste'ro,
437 509 562 594 eutero,
580 509 706 577 entier.
724 503 811 576 Num
837 509 989 597 inthro,
1007 527 1088 575 cum
1114 504 1285 593 nunidem

178 633 273 695 esset
298 633 398 717 atque
423 625 549 708 tulero,
575 642 595 690 o
620 620 724 698 latina
750 620 869 712 lingua
895 621 998 690 multo
1024 629 1102 714 post
1131 622 1286 692 transla-

177 746 245 808 tum
274 746 338 812 est.
362 740 434 807 lam
456 737 573 828 igitur,
601 742 639 804 ut
663 730 825 805 Caesaris
840 734 990 827 Augusti
1016 735 1189 807 saeculum
1216 759 1287 807 no·

178 855 364 923 minativos
388 849 545 934 coluber,
569 852 686 942 piper,
712 848 815 936 tiber,
839 848 946 919 ruber
962 850 1176 944 paenultima
1202 874 1286 923 cor-

176 974 286 1061 repta,
314 964 471 1058 obliquos
508 982 611 1034 casus
637 972 671 1034 et
695 962 853 1034 derivata
878 964 999 1035 eadem
1025 965 1189 1058 producta
1215 987 1284 1059 ap·

176 1080 330 1176 pellavit,
359 1083 404 1150 ita
431 1077 530 1174 plebs
554 1082 689 1171 intepet
726 1079 909 1150 serrandum
947 1077 1029 1149 alibi
1054 1080 1152 1150 aliter
1181 1081 1286 1152 dicti-

176 1203 270 1267 tasss
295 1193 528 1266 existimanda
554 1201 618 1264 est.
648 1193 763 1285 Atque
788 1195 864 1264 eius
892 1193 1130 1288 appellationis
1156 1194 1284 1264 iudici-

176 1331 232 1380 um
271 1312 304 1380 in
338 1331 443 1380 versu
481 1306 638 1378 Saturnio
675 1311 874 1402 repperisse
911 1308 993 1379 mihi
1030 1309 1163 1380 videor.
1201 1308 1288 1381 Sunt

178 1426 268 1494 enim
293 1420 416 1494 Naevii
453 1423 519 1494 duo
556 1444 695 1511 versus,
734 1425 790 1516 qui
829 1425 863 1493 in
900 1420 1002 1494 Nonii
1040 1422 1214 1495 codicibus
1240 1428 1287 1495 ita

179 1540 295 1632 scripti
321 1545 413 1608 sunt:

229 1719 367 1790 Transit
389 1717 544 1792 Melitam
568 1719 742 1792 Romanus
790 1712 988 1793 'exereitus
1015 1719 1160 1792 insulam
1186 1722 1246 1789 in-

231 1914 305 1986 Urit
329 1915 511 2010 populatur
535 1919 651 1987 vastat
820 1937 893 1985 rem
918 1914 1064 1985 hostium
1091 1824 1285 1985 astigitana.

181 2101 335 2188 Quorum
362 2101 587 2192 posteriorem
625 2095 716 2168 bauo
753 2118 793 2170 sa
818 2095 947 2169 habere
985 2119 1089 2193 supra
1115 2099 1285 2186 vidimus,

180 2220 214 2287 in
240 2217 356 2310 priore
381 2221 508 2298 autern,
537 2233 613 2283 oum
640 2212 782 2284 alterum
809 2212 1063 2284 hemistichium
1081 2213 1286 2306 longiuscu-

180 2332 254 2402 lum
291 2328 485 2414 videretur,
525 2327 759 2400 Buechelerus
795 2331 964 2412 coniecit,
1004 2335 1150 2423 primam
1187 2331 1287 2401 vocis

179 2449 355 2536 inteqrum
379 2445 519 2537 corripi,
548 2443 582 2514 id
607 2443 698 2536 quod
724 2441 798 2513 fieri
824 2465 928 2537 posse
955 2442 1162 2539 Spengelius
1193 2452 1289 2515 recte

180 2563 335 2654 negavit,
362 2562 436 2653 ipse
468 2557 711 2630 Hermannum
749 2579 899 2650 sequens
938 2556 1090 2649 ultimam
1128 2559 1288 2630 eiusdem

180 2679 277 2748 uocis
304 2673 472 2769 syllabam
498 2697 580 2744 cum
605 2676 719 2768 prima
745 2695 870 2744 versus
907 2677 1121 2767 insequentis
1147 2675 1290 2747 coales-

181 2813 262 2863 cere
283 2789 503 2862 confirmavit
525 2812 559 2884 p.
590 2789 674 2860 110.
705 2785 747 2858 At
772 2790 965 2883 quicunque
996 2811 1122 2861 versus
1148 2786 1195 2861 'ex
1218 2788 1291 2861 he-

181 2906 358 2981 mistichiis
384 2907 588 2999 aspnartetis
626 2906 840 2997 compositus
879 2911 945 2988 est,
987 2905 1107 2997 quales
1145 2909 1291 2979 omnino

182 3027 261 3093 sunt
285 3019 439 3114 duplices
465 3021 541 3088 sive
567 3018 672 3108 longi,
707 3020 739 3089 is
777 3025 849 3088 tam
888 3015 1065 3088 absolutus
1098 3027 1133 3089 et
1157 3019 1291 3092 solidus

181 3132 338 3218 habetur,
366 3140 403 3202 ut
426 3153 540 3224 neque
564 3133 693 3226 primus
718 3152 832 3224 neque
872 3140 1050 3203 extremus
1077 3154 1122 3202 ex
1147 3154 1203 3221 eo,
1231 3137 1291 3228 qui

182 3250 288 3320 anteit
312 3249 415 3342 quive
440 3249 642 3338 insequitur,
669 3267 839 3339 quoquam
865 3245 964 3317 modo
991 3246 1142 3340 pendere
1160 3247 1291 3319 videa-

182 3373 248 3434 tur.
278 3362 345 3434 Sed
370 3360 424 3432 iac
449 3360 682 3433 Hermannum
709 3382 830 3431 verum
857 3364 1066 3456 repperisse:
1106 3370 1141 3432 at
1164 3371 1291 3455 posts-

182 3481 263 3549 riori
288 3475 426 3548 dimidio
452 3479 635 3547 anscrusis
660 3474 772 3546 addita
809 3483 874 3545 est.
914 3472 1005 3544 Nam
1044 3473 1133 3567 quod
1169 3475 1290 3570 Spen-

182 3592 295 3684 gelius
337 3589 506 3684 syllabam
544 3613 611 3677 eu,
656 3611 762 3683 quam
803 3588 878 3676 liic,
919 3597 956 3667 ut
998 3589 1086 3682 apud
1112 3588 1287 3678 Plautum,

183 3727 245 3779 cor:
301 3710 307 3776 i
343 3727 449 3800 posse
487 3703 682 3789 arbitratur,
723 3704 869 3775 alteram
904 3711 1041 3798 purtem
1079 3702 1186 3781 thesis
1224 3725 1289 3777 so·

183 3820 217 3891 lu
273 3855 274 3867 κ
316 3841 397 3892 esse
438 3820 539 3906 dicit,
582 3840 660 3893 cum
700 3820 826 3903 ultera,
866 3841 956 3912 quae
994 3826 1089 3890 esset
1129 3839 1208 3904 niu,
1253 3824 1291 3893 in

183 4017 185 4025 A
257 3957 299 4005 re
336 3932 550 4005 hemistichio
592 3936 774 4018 manserit,
813 3931 879 4005 ltoc
920 3941 987 4003 tam
1024 3953 1158 4005 novum
1196 3939 1290 4003 tam·

276 4051 398 4119 mirum
424 4047 606 4121 solutionis
647 4069 761 4140 genus
785 4055 854 4133 est,
883 4046 972 4142 quod
997 4044 1107 4118 verbo
1133 4049 1290 4139 attigisse
