2746 4530
654 271 700 343 aa

124 484 267 580 galium,
295 488 353 578 qui
377 488 413 556 iu
439 487 481 556 P.
509 482 664 557 Cornelii
688 482 727 554 P.
754 481 780 553 f.
800 482 981 580 Scipionis
1007 486 1125 579 elogio
1156 489 1232 581 pri«-

127 622 219 671 mum
245 620 379 670 versum
405 608 528 694 postea
553 598 689 670 demum
716 597 862 669 additum
888 620 969 670 esse
995 603 1229 673 censuissent.

126 716 242 808 Atque
267 717 301 785 in
326 712 391 783 hoc
416 712 531 806 elogio
556 720 592 784 et
616 714 651 782 in
676 709 769 782 Lucii
795 709 862 783 Gn.
888 711 913 783 f.
944 713 1080 785 Barbati
1104 735 1233 786 versus

125 833 170 901 ita
197 851 236 901 se
261 830 453 923 excipiunt,
468 835 506 897 nt
520 828 615 923 prior
632 830 776 921 quisque
794 827 881 900 thesi
905 836 1022 899 careat
1036 828 1101 901 hoc
1118 830 1230 901 modo:

173 1012 269 1086 lllors
294 1011 448 1108 perfecit,
474 1019 530 1082 tua
555 1017 594 1081 ut
616 1019 734 1082 essent
782 1015 895 1083 omnia
919 1011 1055 1084 brevia:

176 1110 294 1183 Honos
319 1107 410 1181 lama
435 1113 628 1202 virtusque,
784 1107 895 1202 gloria
921 1118 1024 1204 atque
1048 1113 1233 1204 ingenium.

177 1261 309 1348 Quibus
336 1264 388 1333 sei
414 1264 450 1331 in
477 1260 582 1353 longa
607 1260 743 1333 licuiset
791 1259 861 1332 tibe
887 1266 974 1332 utier
1000 1264 1082 1350 vita,

178 1359 296 1430 Facile
321 1357 442 1430 lacteis
468 1379 656 1452 superases
794 1360 938 1449 gloriam
966 1362 1144 1431 maiorum.

180 1507 294 1594 Quare
322 1507 445 1580 lubens
470 1516 504 1579 te
531 1511 566 1581 iu
591 1511 739 1602 gremia,
795 1508 921 1606 Scipio,
948 1513 1069 1606 recipit

176 1604 300 1693 Terra,
327 1604 439 1693 Publi,
466 1613 672 1701 prognatum
787 1606 923 1697 Publi0‚
950 1607 1100 1680 Corneli.

130 1788 272 1862 Barbati
297 1792 443 1884 elogium
471 1793 594 1864 eodem
618 1792 719 1865 modo
735 1797 959 1887 compositum
977 1802 1043 1879 est,
1063 1796 1129 1864 nisi
1148 1795 1238 1888 quod

131 1906 167 1977 in
193 1909 302 2000 primo
328 1929 436 1979 versu
461 1915 602 2002 propter
625 1929 749 1980 noman
774 1911 950 2005 proprium
993 1909 1107 1982 theses
1145 1913 1240 1981 inte-

128 2043 215 2113 grae
241 2030 331 2093 sunt.
363 2022 421 2094 Sic
450 2026 541 2094 enim
568 2021 750 2095 sehabet:

240 2203 421 2277 Cornelius
446 2205 569 2278 Lucius
783 2207 896 2302 Scipio
921 2205 1109 2297 Barbatus,

235 2301 392 2375 Gnaivod
417 2313 514 2398 patre
540 2313 744 2399 prognatus,
779 2302 875 2376 fortis
900 2309 955 2375 vir
983 2308 1202 2399 sapiensque,

239 2452 370 2539 Quoius
395 2453 509 2525 forma
532 2457 675 2527 virtutei
782 2459 955 2550 parisuma
980 2453 1054 2541 huit,

240 2551 368 2622 Consol
393 2551 655 2624 censoraidilis
784 2557 864 2646 quei
887 2550 950 2623 luit
975 2553 1064 2647 apud
1089 2573 1167 2637 vos,

244 2705 410 2777 Taurasia
437 2705 587 2778 Cisauna
786 2705 924 2778 Samnio
951 2710 1055 2802 cepit,

242 2801 378 2896 Subigit
402 2826 502 2876 omne
527 2802 721 2876 Loucanam
783 2803 990 2900 opsidesque
1016 2802 1182 2875 abdoucit.

140 2978 179 3052 ln
204 2981 298 3050 Lucii
324 2979 464 3051 barbati
487 2980 512 3051 f.
542 2981 670 3075 elogio,
698 2985 795 3054 cuius
821 2982 1018 3079 exemplum
1046 3005 1150 3079 supra
1177 3005 1244 3079 ap-

140 3100 287 3192 positum
313 3105 378 3183 est,
399 3097 673 3169 animadvertere
695 3098 776 3170 licet
791 3101 923 3195 primae
940 3097 1100 3195 strophae
1118 3106 1152 3168 et
1168 3106 1244 3171 ter-

138 3214 206 3281 tiae
232 3209 426 3282 versiculos
451 3220 530 3307 post
554 3215 662 3283 orsim
687 3216 818 3284 tertiam
846 3213 962 3298 incidi,
1003 3213 1136 3284 mediae
1170 3220 1246 3307 post

143 3324 278 3396 thesim.
320 3324 359 3396 In
385 3326 526 3399 alterius
557 3329 651 3398 Lucii
690 3326 803 3399 tabula
841 3349 907 3420 ego
943 3327 1072 3399 nullum
1109 3329 1246 3423 reperio

141 3438 341 3523 artificium,
371 3461 436 3532 quo
463 3440 620 3532 singulae
655 3440 815 3537 strophae
848 3440 1099 3534 significentur,
1132 3462 1246 3536 neque

142 3557 253 3646 magis
281 3557 315 3625 in
339 3553 465 3625 Naevii
491 3558 739 3651 epigrammate
767 3557 964 3651 sepulcrali.

192 3687 298 3758 Aliud
325 3696 378 3760 est
403 3687 617 3783 stropharum
642 3711 769 3782 genus,
796 3709 871 3759 cum
899 3688 939 3758 ad
964 3708 1090 3759 versus
1122 3685 1166 3757 Sa
1222 3720 1246 3742 ω

144 3807 221 3875 uios
248 3807 401 3897 integros
418 3803 631 3874 hemistichia
653 3813 711 3875 aut
734 3803 922 3897 particulae
939 3823 1008 3873 nou
1026 3801 1124 3872 ahter
1242 3831 1245 3865 t

142 3920 178 3988 in
204 3917 362 3990 versibus
387 3920 556 3990 scaenicis
581 3918 758 3989 clausulae
784 3924 1015 3991 accesserunt.
1049 3914 1147 4002 Quod
1218 3939 1247 3981 a·

140 4055 205 4104 nus
230 4036 349 4105 nescio
375 4056 418 4105 an
444 4055 582 4106 carmen
608 4014 1026 4107 Arvale'exisnmmlum
1051 4033 1109 4116 sit,
1182 4049 1202 4123 q
