2746 4530
451 1476 600 1543 nitentia
622 1477 653 1542 ct
674 1474 871 1556 canigenia.
987 1560 991 1566 ¹
1116 1449 1122 1457 ’

148 1773 191 1843 Ρ.
222 1774 240 1845 3
268 1797 303 1845 v.
333 1776 379 1846 10
406 1772 496 1846 infra
521 1775 544 1847 l.
571 1771 801 1847 Herrnannus.

149 1887 191 1961 P.
218 1890 240 1960 4
264 1912 301 1961 v.
333 1890 352 1961 3
380 1895 541 1984 punctum
566 1887 706 1959 excidit.
822 1943 825 1950 .

151 2000 195 2073 P.
225 2002 269 2073 12
295 2025 331 2072 v.
361 2002 405 2072 15
434 2008 512 2071 ante
534 2022 573 2072 v.
605 2020 744 2095 semper
769 2000 867 2073 atde:
895 2001 984 2075 fere.

147 2120 186 2190 P.
219 2117 274 2189 33.
301 2138 337 2187 v.
368 2114 387 2184 1
416 2116 442 2184 l.
471 2111 633 2185 kvaedhi.

146 2252 189 2321 P.
221 2249 287 2321 34:
307 2247 486 2317 Diaeresie
511 2247 567 2317 vis
605 2248 707 2317 etiam
745 2246 826 2318 inde
864 2251 1083 2344 perspicitur,
1124 2248 1217 2344 quod

97 2362 244 2438 verbum
277 2363 313 2430 in
339 2359 448 2429 altera
474 2356 687 2430 hemistichio
713 2364 874 2455 positum,
903 2366 933 2434 si
946 2361 1120 2435 diaeresis
1149 2385 1209 2434 ac-

96 2484 216 2568 cessit,
243 2501 263 2547 c
289 2475 433 2567 reliqua*
451 2481 547 2568 parte
574 2482 645 2544 tam
683 2497 752 2547 nan
789 2477 928 2571 pendet,
957 2485 994 2547 ut
1019 2476 1062 2548 ad
1088 2480 1217 2567 proxi·

96 2614 189 2663 mum
217 2591 359 2661 alterius
385 2585 590 2659 hemistichii
614 2586 761 2660 verbum
786 2586 910 2661 referri
935 2593 1057 2686 possit.
1088 2590 1214 2676 Quoia

96 2729 247 2780 numeru
272 2713 352 2776 sunt
375 2702 409 2773 hi
435 2723 575 2774 versus:

146 2856 234 2943 Quci
260 2857 357 2949 apice
381 2853 518 2944 insigne
544 2852 644 2926 dialis
754 2853 905 2927 flaminis
930 2857 1087 2946 gesistei.

146 2953 269 3038 Terra,
297 2948 413 3034 Publi,
483 2957 650 3040 ognatum
756 2951 895 3037 Publio,
923 2951 1075 3024 Corneli.

112 3091 116 3098 ·
147 3051 252 3120 Pater
277 3054 407 3132 noster,
435 2970 572 3115 gatarni
752 3045 833 3121 filie.

147 3145 272 3216 Sancta
301 3165 400 3238 puer,
427 3139 564 3211 Saturni
751 3141 834 3232 filia,
862 3149 998 3239 regina.

144 3242 248 3337 Apud
273 3238 480 3334 nympham,
507 3237 653 3310 Atlantis
750 3237 871 3327 filiam,
900 3241 1144 3336 Calypsonem.

145 3338 337 3433 Gelsasque
363 3337 455 3406 acris
481 3355 636 3427 arvaque
749 3340 861 3429 putria
878 3347 1208 3431 eimaramagnum.

96 3487 138 3557 P.
170 3487 214 3557 47
240 3507 278 3556 v.
308 3483 328 3553 1
357 3482 434 3553 dele
459 3479 630 3572 virgulam
656 3490 735 3576 post
758 3505 794 3554 v.
824 3484 924 3555 alter.

141 3711 179 3782 P.
209 3711 254 3782 48
281 3733 316 3799 v.
348 3712 367 3782 5
395 3711 418 3781 l.
446 3663 672 3786 affati—{maen

142 3826 186 3894 P.
215 3824 272 3895 50.
302 3821 341 3893 ln
368 3827 519 3898 secunda
545 3825 610 3897 Rei
635 3823 801 3895 Metricac
826 3821 974 3896 editione
1008 3823 1068 3897 Wt
1204 3861 1213 3880 ν
1327 3804 1332 3824 ’

92 3939 161 4011 lias
187 3936 203 4008 1
227 3960 262 4032 p.
294 3939 377 4025 532,
419 3939 476 4012 ubi
503 3941 546 4011 dc
571 3941 689 4036 pausis
727 3940 804 4010 sive
827 3936 958 4035 χρόνοις
991 3945 1095 4017 κενοῖς
1170 3943 1204 4011 ‘t

94 4052 147 4128 his
172 4054 278 4123 utitur
302 4054 435 4126 verbis:
588 4118 591 4124 ,
