2746 4530
633 242 678 319 89

103 458 186 526 satis
212 458 362 526 nonsit.
389 451 502 546 Finge
539 461 657 523 tamen
683 455 785 525 etiam
811 450 875 525 hac
900 473 1022 523 verum
1047 472 1140 525 esse:
1177 459 1212 523 at

103 570 252 643 secunda
281 569 389 642 thesis
415 570 450 641 in
477 567 645 661 dactylum
672 567 783 638 soluta
809 575 864 638 est
879 565 981 660 idque
1006 571 1083 638 sine
1106 565 1211 641 diae-

102 690 185 757 resi.
216 685 284 757 Sed
310 687 414 755 etiam
439 686 469 754 si
495 681 581 755 nihil
619 685 676 768 sit,
704 681 795 775 quod
833 689 975 753 metrum
1007 689 1151 769 evertat,
1177 690 1211 755 at

103 806 214 873 oratio
240 811 319 897 post
342 822 467 872 vocem
492 803 675 871 exercitus
700 821 768 875 non
806 807 883 894 apte
914 797 1085 883 inciditur,
1113 805 1150 870 ut
1174 800 1210 871 in

101 937 206 985 versu
234 917 430 1008 insequenti
456 910 668 984 absolvatur.
698 915 792 998 Quae
816 934 893 983 cum
926 914 974 983 ita
999 913 1078 997 sint,
1118 911 1208 991 hene

102 1028 280 1100 Vahlenus
320 1050 443 1100 vocem
480 1031 664 1098 exercitus
702 1036 738 1099 ut
773 1027 947 1119 glossema
984 1028 1099 1113 eiecit,
1139 1047 1209 1099 non

102 1141 192 1215 hene
218 1151 330 1214 tamen
354 1165 443 1214 voce
469 1164 600 1212 omnem
636 1149 715 1237 post
737 1140 785 1230 id,
810 1139 898 1237 quod
937 1147 991 1211 est
1019 1144 1210 1231 corcyram,

103 1259 214 1330 addita
241 1259 429 1330 diaeresim
453 1257 605 1327 sustulit.
634 1254 755 1349 Neque
779 1277 867 1326 vero
892 1257 1072 1348 quicquam
1099 1253 1210 1324 adda-

103 1385 156 1443 tur
182 1395 268 1468 opus
295 1381 360 1456 est,
388 1394 469 1441 cum
495 1393 620 1442 versus
645 1372 771 1465 optime
796 1370 841 1441 ita
867 1369 1066 1464 procedant:

152 1539 290 1611 Transit
314 1538 466 1610 Melitam
492 1539 683 1621 Romanus,
758 1537 906 1610 insulam
931 1541 1098 1632 integram

150 1636 226 1707 Urit
254 1638 433 1731 populatur
457 1645 586 1725 vastat,
754 1658 825 1706 rem
851 1636 1000 1708 hostium
1018 1638 1209 1709 concinnat.

104 1804 180 1877 Huc
206 1806 349 1891 accedit,
379 1807 470 1900 quod
496 1815 529 1878 et
554 1807 733 1878 Romanus
757 1829 822 1897 per
860 1807 1102 1900 synecdochen
1135 1806 1212 1877 dic·

105 1926 179 1989 tum
208 1941 411 1992 sermonem
435 1924 604 2015 poeticum
631 1923 745 2013 magis
771 1920 883 2008 decet,
911 1943 1017 2015 quam
1042 1920 1106 1992 hoc
1132 1921 1212 1992 Ro-

104 2057 227 2104 manae
251 2039 451 2123 exercituo,
479 2044 524 2121 et,
552 2059 635 2106 cum
660 2036 758 2108 elisio
784 2036 912 2132 duplex
935 2039 1041 2108 vitata
1059 2039 1116 2124 sit,
1135 2038 1212 2131 spl-

103 2148 182 2219 laba
207 2149 372 2243 producta
404 2153 438 2220 in
465 2149 612 2221 diaecesi
649 2159 816 2222 servatur.
857 2149 1018 2236 Quintum
1055 2152 1211 2224 eiusdem

104 2265 282 2358 positionis
321 2264 514 2358 exemplum
553 2267 587 2334 in
620 2263 921 2337 emendationibus
959 2265 1207 2338 enucleabitur.

104 2376 305 2473 Quanquam
329 2381 364 2448 in
391 2377 547 2449 Saturnio
574 2379 637 2451 hoc
663 2380 873 2475 producendi
897 2403 1009 2475 genus
1026 2403 1096 2453 non
1122 2403 1211 2453 con-

104 2498 247 2564 stantius
274 2497 421 2580 servari,
449 2517 550 2588 quam
577 2496 611 2565 in
636 2497 819 2568 notissimo
845 2495 902 2567 illo
929 2494 1044 2567 Ovidii
1062 2519 1181 2568 versu:

210 2643 254 2714 Et
278 2647 387 2738 primo
413 2642 541 2715 similis
566 2644 710 2728 volucri,
740 2664 819 2714 mox
845 2665 928 2715 vern
955 2643 1120 2726 volueris,

104 2804 255 2881 nonest,
284 2795 374 2888 quod
402 2797 612 2886 argumentis
652 2793 884 2890 comprobem.
914 2791 1022 2878 Quam
1061 2793 1104 2864 ob
1137 2816 1210 2864 rem

104 2906 194 2980 bene
223 2909 381 2979 traditum
409 2916 463 2980 est
486 2907 550 2977 hoc
575 2909 676 2979 Livii:

153 3058 261 3130 Simul
279 3081 319 3128 ac
344 3057 504 3128 lacrimas
530 3059 571 3130 de
599 3080 659 3130 ore
766 3082 902 3154 noegeo
931 3060 1087 3134 detersit.

106 3207 175 3283 Sed
200 3211 235 3279 in
261 3211 574 3302 antiquissimorum
591 3219 774 3304 poetarum
790 3209 966 3295 versibus,
985 3232 1062 3281 cum
1080 3231 1213 3282 summa

106 3345 224 3394 eorum
250 3324 369 3415 regula
394 3345 464 3395 non
490 3328 634 3416 originis
659 3329 824 3413 rationes,
849 3327 910 3397 sed
949 3327 1062 3420 populi
1096 3346 1211 3399 sermo

107 3445 140 3508 et
163 3461 247 3510 usus
273 3437 385 3523 luerit,
415 3449 551 3534 praeter
577 3448 747 3512 mutarum
774 3441 1044 3535 liquidarumque
1062 3443 1220 3539 conexi--

106 3573 190 3624 ones
218 3554 308 3624 aliud
334 3555 501 3649 quoddam
528 3557 706 3649 positionis
731 3554 854 3628 debilis
879 3577 991 3648 genus
1020 3557 1206 3626 invenitur.

107 3663 235 3738 Eadem
263 3671 354 3739 enim
380 3691 532 3741 consona
558 3668 611 3741 his
634 3673 758 3764 posita,
787 3693 869 3742 cum
899 3679 967 3741 tam
993 3669 1119 3741 similis
1145 3691 1211 3742 es-

105 3788 158 3853 set
182 3783 359 3871 simplicis,
387 3789 424 3852 ut
448 3786 629 3877 antiquitus
655 3785 763 3857 semel
790 3787 869 3877 poni
893 3784 1035 3872 soleret,
1052 3783 1211 3856 vocalem

104 3897 387 3991 praecedentem,
428 3899 584 3968 etiamsi
621 3897 684 3969 sub
716 3903 782 3972 ictu
817 3907 930 3985 esset,
963 3920 1032 3970 non
1073 3918 1212 3992 semper

105 4011 327 4104 producebat.
356 4009 474 4105 ltaque
488 4011 626 4084 Plautus
644 4034 707 4109 per
725 4014 922 4111 simplicem
946 4012 1031 4084 dixit
1048 4011 1210 4084 Hilurica
