2746 4530
655 295 703 370 st

124 513 279 596 quartam
299 508 373 576 eius
381 503 513 575 ,thesim
530 536 582 556 κ·
598 527 679 576 nom
698 509 876 577 aneorusis
890 511 1059 577 rationem
1078 529 1147 578 non
1168 507 1239 579 ha-

125 617 250 690 bemus
260 657 305 688 ψ-
316 620 374 689 uel
388 621 530 711 primam
546 619 691 691 alterins
710 619 912 692 hemistichii
927 624 1056 716 corripi
1074 625 1242 696 eurimed-

126 742 265 806 u-ertere
283 734 375 818 lieet,
400 733 504 825 idque
529 735 565 804 ln
578 734 740 806 omnibus
757 733 830 806 fere
848 740 923 808 eius
941 759 1066 808 versus
1080 738 1242 832 reliquiis

124 848 332 919 videbimus.
382 847 488 919 Cuius
513 852 564 917 rei
579 870 662 956 cunr
676 871 817 920 oensem
835 851 1143 943 quaereremheec
1154 853 1241 924 ‘mibi

125 985 193 1035 nnn
215 967 365 1035 monime
388 961 577 1056 probabilis
601 966 678 1033 viso
700 973 768 1053 est,
797 987 855 1051 ne,
884 989 959 1036 curn
980 991 1004 1037 a
1026 971 1153 1061 prioris
1171 971 1242 1042 he-

126 1077 283 1148 mistichii
308 1074 433 1171 iambis
452 1075 493 1146 ad
522 1077 662 1146 alterius
680 1077 861 1149 trochaeos
878 1085 1095 1168 transiretur,
1115 1085 1240 1156 eodan

124 1200 226 1286 atque
249 1200 351 1261 antea
370 1188 496 1261 fuisset
516 1213 662 1260 numero
688 1191 847 1284 legentes
871 1203 1009 1288 praeter
1026 1195 1240 1270 voluntatem

123 1314 311 1400 pergerent
330 1329 374 1376 oo
398 1308 511 1399 potius
537 1308 648 1375 statim
674 1305 716 1375 ab
744 1310 837 1377 initio
855 1309 958 1403 plana
976 1320 1072 1381 esset
1089 1316 1238 1384 scansio.

125 1420 353 1515 Excipiuntur
378 1443 461 1491 sone
486 1442 608 1514 pauca,
638 1443 780 1513 quorum
804 1423 933 1501 nullum
958 1427 1155 1520 exemplum
1180 1432 1239 1498 in-

42 1521 45 1532 *
126 1542 330 1633 scriptiones
346 1538 563 1631 suppeditant
589 1545 727 1630 praeter
753 1560 855 1608 unum
884 1545 967 1611 setis
994 1540 1192 1630 obscurum,
1220 1567 1239 1616 o

126 1660 320 1747 poematum
349 1659 461 1721 autem
488 1649 688 1743 fragmentis
713 1651 776 1722 hoo
795 1651 974 1724 Liuianum
997 1657 1238 1730 videturesse

125 1776 274 1838 certum:

88 2013 91 2018 .
220 1914 420 2007 Ibidemque
438 1918 493 1984 vir
512 1937 665 1986 summus
764 1917 941 2013 adprimus
959 1919 1141 1993 Patroclus

125 2068 196 2152 vel,
214 2075 253 2136 ut
268 2086 359 2136 nuno
376 2066 532 2160 plerique
553 2067 691 2153 molunt,
719 2067 934 2143 Patricoles.
964 2070 1099 2142 Deinde
1124 2073 1235 2144 traditi

125 2191 207 2255 sunt
225 2201 244 2251 e
259 2179 383 2251 Servio
398 2178 547 2272 Vergilii
568 2183 758 2275 interprete
777 2182 843 2254 duo
868 2183 1032 2254 versiculi
1051 2182 1237 2273 Naeviani,

122 2317 270 2391 quorun
293 2299 418 2390 prioris
433 2297 575 2366 dimidia
594 2319 675 2390 pars
692 2306 813 2383 restat,
833 2298 896 2369 hoo
915 2300 1033 2369 modo:

762 2448 938 2521 amborum
957 2474 1085 2524 uxores

221 2598 328 2670 Noctu
347 2554 477 2668 Troiad
496 2596 637 2668 exibant
767 2598 943 2694 slipitibus
963 2604 1106 2695 opertis.

176 2749 327 2836 Quorum
345 2749 431 2818 alter
450 2748 594 2839 regulae
612 2770 682 2819 non
694 2750 913 2830 adversatur,
930 2749 1242 2843 quoniam-tribra-

124 2866 210 2942 chus
228 2887 247 2934 e
265 2862 425 2934 trochaeo
443 2870 537 2931 ortus
556 2870 622 2948 est,
650 2884 763 2956 neque
782 2862 962 2956 captibos,
978 2871 1014 2932 ut
1032 2863 1088 2934 olii
1107 2866 1240 2951 volunt,

124 3007 190 3085 par
208 2979 425 3070 trisyllabum
441 2980 573 3049 dicatur
590 3002 739 3052 necesse
757 2989 821 3052 est.
851 2979 1007 3052 Alterius
1027 2988 1141 3051 autem
1158 3005 1245 3053 ver-

127 3121 187 3172 sus
205 3095 384 3192 particulo,
411 3096 488 3164 sive
514 3096 767 3186 coniunguntur
790 3096 928 3166 vocales
953 3097 1030 3166 sive
1053 3093 1146 3167 hieto
1166 3095 1245 3169 dis-

128 3213 318 3296 trohuntur,
343 3218 380 3280 ut
398 3211 432 3278 in
449 3209 594 3304 primunr
620 3216 655 3277 et
679 3211 714 3280 in
737 3209 887 3304 ultimam
906 3213 1032 3306 prioris
1051 3213 1148 3281 vocis
1163 3210 1244 3304 syl-

128 3327 240 3399 labam
259 3328 349 3395 ictus
368 3321 477 3406 cadat,
506 3327 620 3392 tomen
644 3315 764 3393 thesim
787 3324 989 3419 productam
1009 3345 1077 3393 nou
1097 3325 1239 3401 amittet.

128 3441 195 3513 Sed
219 3461 296 3510 oum
323 3458 461 3508 versum
489 3457 557 3505 non
582 3436 753 3529 integrum
776 3430 988 3522 habeamus,
1032 3435 1149 3506 dicere
1173 3458 1243 3511 non

127 3577 331 3659 possumus,
359 3551 497 3624 benene
522 3547 696 3636 asarum,
724 3573 824 3644 quem
843 3557 1008 3622 memorio
1026 3573 1093 3621 non
1114 3553 1241 3646 optimo

129 3669 239 3742 fuisse
263 3665 502 3737 Lachmannus
534 3665 567 3732 in
611 3669 870 3735 commentario
893 3664 1096 3736 Lucretiano
1134 3686 1244 3760 saepe

130 3781 375 3878 deprehendit,
404 3779 505 3850 nobis
531 3779 684 3872 proditus
709 3785 764 3852 sit.
808 3781 843 3851 ln
868 3780 937 3852 olio
961 3778 1157 3868 Neroniano,
1183 3781 1245 3875 qul

131 3902 175 3969 ita
196 3920 234 3968 se
252 3894 353 3966 habet

228 4047 337 4118 Docte
353 4042 529 4115 etblando
549 4049 738 4136 peuoontat,
830 4041 972 4116 Aeneas
990 4065 1059 4136 que
1077 4049 1189 4137 poeto,
