2746 4530
684 324 729 398 13

141 540 314 610 hominum
328 538 501 608 docinmm
520 536 774 608 dissensionem
791 536 857 606 diei
875 539 1004 628 nequii.
1025 537 1075 606 Ae
1093 537 1136 607 de
1149 557 1261 630 gram·

144 654 344 722 malleorum
370 649 506 743 quidem
534 653 698 720 memoria
724 649 847 719 dietum
874 656 941 719 esi.

120 777 122 781 ’
195 763 440 854 Inseripiienes
484 771 596 833 aulem
641 762 806 833 Saturnio
848 769 956 833 metro
994 763 1261 857 comprehensis

146 875 312 948 habemus
338 885 427 949 ocio:
457 876 654 971 Scipionum
687 877 899 971 sepulcrales
932 885 1102 970 quaiiuor,
1137 878 1261 950 deinde

143 992 283 1064 Caecilii
311 1002 345 1063 ei
370 991 518 1084 Vergilii
544 991 729 1086 Eurysaeis
755 996 837 1062 ilem
856 993 1080 1087 sepulcrales,
1101 1001 1170 1062 tum
1191 993 1261 1066 Su-

145 1129 264 1178 renam
290 1109 456 1192 votivam,
484 1114 695 1201 postremum
721 1104 758 1175 L.
787 1104 940 1176 Mummii
968 1105 1109 1177 Achaiai
1136 1111 1262 1179 trium-

144 1222 295 1317 phalem,
324 1223 357 1293 id
383 1230 437 1293 esi
453 1244 591 1308 versun,
618 1229 654 1291 ui
669 1220 755 1292 mihi
773 1221 922 1320 videtur,
947 1219 1262 1294 xxxvl11.Haac

142 1339 245 1406 iulius
272 1339 323 1405 rei
349 1334 569 1407 lundamenia
595 1343 686 1421 sunl,
716 1357 805 1428 quae
845 1338 902 1428 qui
941 1337 1147 1426 neglexerit,
1187 1334 1262 1407 lieri

144 1472 214 1521 nen
231 1459 358 1544 potest,
386 1454 468 1544 quin
494 1459 551 1521 aut
576 1473 653 1521 enm
681 1452 872 1520 Dueninern
905 1450 1114 1544 syllabarum
1151 1455 1261 1524 ratio-

144 1586 224 1634 nem
251 1563 479 1635 subducturus
507 1573 564 1634 aui
589 1586 663 1633 cum
691 1562 812 1633 Plavio
839 1586 960 1636 omnes
985 1565 1101 1636 theses
1128 1568 1162 1636 in
1182 1588 1262 1636 ma-

146 1677 213 1746 lam
240 1699 376 1746 erucem
405 1677 627 1770 ablegaiurus
653 1681 706 1748 sit.
734 1677 801 1748 Sed
827 1677 884 1748 vel
910 1682 944 1748 in
971 1679 1034 1753 hee
1060 1688 1127 1749 iam
1155 1702 1262 1773 parvo
1318 1720 1320 1722 v

145 1812 290 1860 numere
316 1790 418 1860 dubia
444 1814 512 1862 nen
539 1791 673 1862 desunt.
706 1790 792 1863 Nam
813 1794 847 1861 in
864 1791 1017 1862 Mummii
1037 1793 1151 1864 tabula
1170 1817 1261 1888 que-

147 1905 248 1974 medu
273 1927 399 1975 versus
430 1905 608 1998 digerendi
632 1911 711 1991 sint,
733 1906 841 1977 adhue
867 1928 936 1977 nen
955 1918 1100 1994 constat,
1121 1912 1155 1979 in
1173 1911 1261 1980 Gae-

144 2018 214 2087 eilii
253 2018 367 2108 elegio
399 2019 557 2089 mendum
584 2019 694 2089 latere
731 2020 885 2103 videtur,
931 2024 966 2091 in
1010 2023 1084 2091 aliis
1134 2022 1261 2114 singuli

147 2154 273 2202 versus
300 2134 468 2227 quomodo
502 2134 666 2204 recitandi
704 2137 783 2220 sint,
826 2135 869 2204 ad
906 2134 1076 2227 liquidum
1112 2135 1259 2206 nendum

146 2246 346 2340 perducium
375 2258 440 2319 esi.
469 2248 537 2319 Sed
562 2249 641 2342 quid
668 2247 791 2319 mulia?
826 2247 910 2318 Cum
949 2258 1018 2319 luia
1050 2249 1114 2320 hoe
1145 2249 1261 2320 libello

146 2381 190 2428 ue
218 2368 456 2431 transversum
483 2363 619 2454 quidem
645 2362 803 2453 digitum,
832 2370 868 2431 ul
900 2367 1006 2445 aiunt,
1037 2362 1079 2436 ab
1106 2366 1260 2457 inserip-

144 2472 538 2562 iionibusabscedaiur,
567 2476 600 2545 id
625 2498 741 2568 genus
768 2485 986 2546 monumenta
1019 2476 1188 2569 quomedo
1222 2499 1261 2548 se

143 2586 275 2657 habere
300 2589 494 2678 videantur,
522 2613 585 2685 per
611 2612 650 2660 se
677 2589 813 2683 planum
839 2588 987 2659 futurum
1023 2613 1104 2660 esse
1140 2612 1256 2685 spero.
