2746 4530
653 253 699 327 61

122 488 249 539 vorsus
274 466 419 558 duplicis
444 473 619 554 nemum,
645 472 723 560 post
746 485 879 537 vocem
899 486 1014 536 nereo
1039 489 1085 539 no
1121 488 1237 563 pona-

125 589 194 669 tur,
222 581 268 667 id,
295 581 387 676 qnod
410 585 445 653 in
471 603 540 653 non
564 577 780 651 nuilisNonii
793 578 999 653 editionibus
1017 585 1149 655 mmm
1168 593 1235 669 est,

125 718 210 767 usus
235 703 393 790 antonus
419 703 525 767 rotet.
545 693 656 767 Nemo
672 697 768 765 enim
786 692 966 768 Romanus
983 706 1064 769 ante
1076 707 1237 771 extrema

126 807 346 902 reipublicae
362 818 519 905 tempora
544 815 582 880 et
608 809 813 888 partientem
848 809 936 881 nitra
966 810 1173 883 vocabulum
1191 835 1238 884 e·

128 927 316 995 nuntiatiue
349 926 550 1020 principium
576 946 725 1018 unquam
752 928 937 1019 promovit.
968 928 1053 1012 Quid
1080 927 1237 1001 tandem?

128 1059 213 1109 num
239 1041 417 1109 anuerusis
444 1041 622 1132 posteriori
649 1038 860 1110 hemistiririo
877 1041 953 1111 addi
979 1041 1112 1136 potest?
1134 1042 1238 1115 111111-

130 1177 189 1225 mo
215 1176 311 1227 vero.
327 1155 395 1225 Sed
420 1177 498 1225 oum
523 1161 558 1226 in
579 1154 633 1225 iris
658 1157 829 1249 exemptis
844 1157 1002 1249 srngulae
1028 1157 1144 1231 theses
1171 1163 1239 1231 de-

128 1267 335 1354 siderentur,
356 1290 417 1339 eas
435 1272 528 1364 ipsas
553 1291 575 1339 e
600 1269 711 1340 medio
739 1292 845 1341 versu
871 1270 913 1339 od
932 1275 1061 1342 initium
1081 1277 1239 1345 traiectas

128 1405 209 1455 esso
233 1390 346 1479 potius
372 1385 558 1479 putandum
585 1394 649 1456 est.
670 1383 792 1480 Neque
818 1389 853 1455 in
879 1388 991 1457 tonica
1017 1391 1113 1482 poesi
1142 1388 1241 1460 deest

127 1499 328 1571 similitudo:
356 1503 391 1570 in
417 1499 712 1572 Scandinavorum
738 1504 829 1572 enim
843 1499 1104 1588 Drdttkvaedhi‚
1124 1525 1239 1598 quian-

126 1636 247 1706 quam,
276 1615 364 1708 quod
392 1620 516 1700 sciam,
537 1620 729 1686 annerusim
749 1638 817 1686 non
843 1621 978 1712 recipit,
999 1627 1117 1690 tamen
1132 1618 1240 1691 tiresis

125 1730 283 1801 emedio
298 1735 432 1802 omissa
458 1735 623 1827 praeponi
638 1740 763 1826 potest,
785 1741 822 1802 ut
846 1737 881 1803 in
907 1732 971 1804 hoo
996 1733 1139 1804 disticho
1165 1757 1240 1805 rur·

125 1847 227 1915 minis
254 1842 458 1920 Krdkumiit

202 2044 275 2117 Tha
300 2070 341 2119 er
365 2049 413 2118 ek
439 2046 613 2120 blddhvdli
639 2045 813 2120 braddduk
865 2045 918 2118 0k
943 2041 1181 2234 pdpdiphikidg

966 2169 985 2215 e
1016 2168 1032 2214 r
1079 2167 1097 2217 a
1131 2199 1139 2215 .

127 2340 202 2416 Hoo
216 2349 307 2416 euim
321 2355 568 2434 metrum,eum
577 2348 618 2418 ad
632 2369 759 2421 versus
768 2347 959 2419 trochaicos
969 2346 1238 2418 nostroeaotatis

131 2464 290 2554 proxime
314 2463 467 2550 accedat,
488 2465 664 2550 audacius,
692 2487 792 2558 quam
812 2461 1065 2534 Germanorum
1086 2468 1241 2534 veterum

132 2584 244 2646 metra
258 2600 338 2648 cum
352 2600 458 2651 versu
472 2582 630 2652 Saturnio
647 2601 902 2674 comparamus.
927 2578 1092 2650 Getarum
1119 2580 1240 2647 anim-

131 2692 274 2765 adverte
301 2695 427 2766 thesim
446 2696 512 2766 iilis
531 2695 695 2767 versibus
725 2698 955 2790 praepositam
987 2692 1126 2786 corripi:
1145 2699 1240 2763 tanta

134 2833 214 2882 eura
242 2808 433 2896 adhibetur,
473 2833 517 2881 ne
555 2811 732 2881 licentiam
760 2810 948 2881 admissam
976 2830 1057 2879 esse
1083 2806 1241 2899 legentes

131 2922 251 3018 fugiat.

179 3037 309 3133 ltaque,
336 3049 514 3136 postquam
541 3061 658 3111 eornm
685 3061 864 3123 versuum,
886 3040 943 3132 qui
969 3060 1049 3108 cum
1075 3034 1242 3106 Terenti-

134 3157 187 3223 ani
213 3175 333 3224 norma
359 3155 532 3249 plerisque
559 3159 592 3225 in
625 3153 730 3225 rebus
769 3159 974 3247 congruunt,
1015 3153 1183 3221 rationem
1209 3154 1244 3218 et

134 3267 230 3361 leges
258 3269 300 3339 ad
327 3269 510 3360 liquidum,
543 3278 580 3341 ui
605 3270 776 3355 videmur,
817 3267 1059 3363 perduximus,
1088 3262 1130 3334 ad
1157 3260 1242 3332 hor-

135 3381 258 3451 ridiora
286 3391 319 3452 et
344 3381 534 3455 difficiliora
560 3383 812 3478 properandum
837 3388 901 3451 est.
931 3379 1016 3449 Sunt
1033 3380 1127 3449 enim
1153 3397 1242 3446 ver·-

137 3516 207 3581 sus,
236 3501 386 3589 quinon
412 3520 571 3581 caesura,
617 3497 678 3569 sed
715 3498 866 3569 diaeresi
904 3500 981 3589 post
1018 3495 1151 3562 tertiam
1180 3510 1243 3560 ar-

139 3612 199 3681 sim
225 3611 453 3682 dissecentur.
482 3611 520 3682 ln
548 3610 750 3707 Scipionum
776 3611 909 3705 quidem
937 3608 1060 3700 elogiis
1078 3604 1112 3674 hi
1138 3625 1243 3675 com·

140 3726 347 3796 memorandi
373 3735 464 3797 sunt:

233 3912 331 3987 Hono
357 3919 436 3985 oino
461 3916 629 4010 ploirnme
735 3896 1167 4009 cosentiontii10mane].

233 4016 396 4086 Duonoro
422 4021 559 4106 optumo
739 4008 826 4084 inise
852 4013 942 4117 ¹viro.

1090 4113 1136 4186 μ
