2746 4530
663 197 717 268 st

131 409 352 504 pluriumque
390 406 519 504 pedum
558 406 736 480 Saturnios
774 413 1001 504 repperisse,
1042 416 1079 485 iu
1120 415 1246 510 qulbus

128 545 264 595 novum
289 522 461 615 quoddam
486 544 598 615 genus
624 523 748 618 pedum
786 533 884 596 esset
919 533 956 597 ct
997 529 1109 623 ipsum
1136 552 1247 602 amca·

128 646 219 710 tran.
250 637 318 709 Sed
351 636 505 725 Horatio,
545 659 620 708 cum
647 638 865 734 exemplaria
904 638 1039 713 Graeca
1076 653 1245 716 nocturna

129 775 274 825 versare
300 775 420 841 manu,
446 774 595 824 versare
620 752 742 824 diurna
768 757 867 825 cives
891 753 1040 842 iuberet,
1055 766 1118 828 ··ut
1140 759 1246 852 quid·-

130 890 198 959 que
226 891 245 937 a
269 871 478 940 Graecorum
511 875 585 937 arte
623 867 873 939 alienissimum
891 878 985 956 erat,
1012 871 1059 939 ita
1079 876 1246 944 maxime

128 984 316 1073 sordebat,
360 982 518 1056 Charisia
556 992 669 1054 autem
714 987 772 1078 qui
814 988 900 1055 siut·
926 987 1077 1059 Saturuii
1115 990 1245 1083 quidve

127 1103 283 1200 ἄμετρον,
311 1106 480 1177 doctiores
506 1101 613 1175 velim
638 1106 823 1197 inquirant,
850 1124 932 1187 cum
958 1103 1128 1174 eiusmodi
1154 1126 1245 1177 uer-

128 1241 188 1290 sus
215 1221 319 1290 eliam
348 1220 437 1314 apud
462 1217 627 1302 Ennium,
665 1221 721 1288 cui
746 1216 948 1288 Faunorum
981 1226 1017 1288 et
1040 1227 1180 1305 vatum,
1208 1227 1246 1291 ut

127 1335 206 1428 ipse
233 1339 290 1418 ait,
319 1356 445 1405 versus
470 1354 541 1403 nou
580 1331 760 1402 admodum
798 1331 972 1426 placuisse
1010 1337 1095 1405 satis
1120 1343 1245 1406 uotum

128 1461 196 1538 est,
226 1462 261 1523 et
285 1454 374 1549 apud
414 1453 559 1536 Attium,
600 1454 657 1543 qui
683 1460 780 1522 uerte
805 1475 887 1523 cum
912 1449 1026 1523 Ennio
1060 1451 1242 1538 sentiebat,

128 1580 166 1640 et
193 1569 282 1663 apud
309 1567 489 1651 Laeuium,
530 1567 587 1658 qui
626 1562 836 1636 Graecorum
877 1569 994 1638 metris
1033 1587 1101 1636 non
1139 1567 1244 1638 modo

128 1705 228 1770 usus,
253 1685 496 1753 verumetiam
511 1679 720 1764 abususest,
736 1684 854 1752 nescio
877 1702 944 1776 quo
960 1687 1059 1776 pacto
1073 1702 1245 1775 reppere-

128 1802 183 1870 rit.
205 1799 274 1869 Sed
293 1799 373 1892 quid
392 1794 521 1867 multa?
547 1793 629 1865 Attii
648 1817 828 1883 versuum,
849 1818 937 1889 qruos
956 1797 1111 1889 exempli
1132 1799 1244 1888 gratia

130 1918 301 2010 apposuit,
332 1914 418 1984 altor
442 1912 578 1983 videtur
606 1934 687 1982 osse
714 1912 894 1999 iambicus,
923 1914 1011 1984 alter
1041 1917 1244 2008 anapaesti-

126 2051 202 2112 cus,
231 2027 349 2099 Laevii
377 2035 490 2097 autem
517 2025 625 2096 verba
651 2026 744 2097 nulla
771 2049 811 2098 re
835 2031 991 2119 graviter
1015 2034 1142 2098 mutata
1166 2027 1243 2100 Lu-

127 2147 249 2217 cienus
276 2143 463 2214 Muellerus
490 2147 525 2213 in
552 2141 653 2227 libro,
682 2165 781 2236 quem
821 2144 863 2214 de
900 2143 1143 2215 Romanorum
1170 2154 1244 2218 arte

127 2262 271 2330 metrica
298 2261 446 2352 scripsit,
474 2260 510 2327 iu
535 2279 660 2327 versus
687 2260 819 2327 ionicus
856 2256 922 2328 ἀπὸ
962 2257 1114 2350 μείζονος,
1135 2263 1242 2352 inge-

128 2378 227 2447 nioso
255 2373 403 2466 redegit.
432 2374 491 2442 Sin
517 2380 743 2443 monumenta
771 2375 846 2468 ipsa
880 2381 1090 2468 spectamus,
1116 2397 1243 2449 versus

128 2486 310 2559 Saturnius
337 2488 441 2557 multo
468 2487 590 2558 cultior
617 2494 652 2558 et
674 2486 812 2581 politior
829 2475 892 2558 ¹est
916 2496 1017 2580 atque
1043 2488 1085 2559 ad
1111 2493 1243 2560 certio-

127 2626 184 2675 res
212 2604 309 2694 leges
336 2607 551 2687 constitutuS,
594 2624 695 2696 quam
736 2601 858 2695 quibus
898 2603 995 2672 multi
1035 2602 1091 2673 alii
1127 2627 1242 2699 popu-

128 2717 153 2789 li
177 2724 332 2803 utuntur‚
359 2720 563 2811 praesertim
591 2739 672 2786 cum
698 2716 914 2787 evoculium
935 2717 1124 2789 differentia
1148 2742 1243 2814 pen-

129 2831 218 2917 deat,
259 2854 347 2924 quae
380 2834 509 2902 maiore
547 2854 642 2917 cura,
684 2854 784 2925 quum
823 2841 997 2918 accentus,
1038 2832 1243 2909 observetur

127 2966 276 3019 necesse
303 2956 369 3017 est.
399 2947 484 3032 Sed,
513 2954 549 3015 ut
574 2945 663 3016 huuc
701 2946 812 3017 locum
839 2947 1021 3041 aliquando
1047 2947 1238 3037 absolvam,

128 3065 165 3135 in
192 3064 388 3158 Scipionum
416 3063 538 3155 elogiis
577 3063 643 3133 duo
675 3085 801 3136 versus
839 3065 1015 3155 leguntur,
1042 3063 1084 3134 de
1115 3064 1239 3157 quibus

127 3200 254 3272 magna
282 3189 335 3249 est
360 3179 539 3249 hominum
567 3179 743 3251 doctorum
761 3179 945 3250 dissensio.
967 3176 1117 3263 Quorum
1145 3183 1240 3273 prior

126 3303 180 3367 est
205 3298 242 3365 in
268 3294 382 3386 elogio
410 3292 582 3388 Scipionis
610 3292 763 3366 Barbati:

235 3512 365 3599 Quoius
392 3512 501 3584 formu
527 3517 667 3585 virtutei
776 3519 951 3610 parisuma
976 3513 1049 3601 luit,

126 3733 180 3805 ubi
207 3728 281 3813 fuit
307 3736 421 3827 priore
447 3733 609 3827 producta
636 3735 814 3806 dicendum
855 3758 935 3807 esse
961 3756 1036 3805 cum
1064 3735 1134 3817 atii,
1162 3742 1237 3804 tum

126 3845 325 3920 Gorsseuus
351 3847 510 3943 probavit
534 3848 548 3918 l
574 3871 608 3942 p.
638 3850 720 3920 149.
750 3852 799 3920 Ile
826 3854 938 3945 priore
964 3847 1099 3941 quidem
1132 3847 1237 3918 dimi·

125 3960 178 4033 dio
205 3959 292 4031 nihil
318 3969 372 4030 est
402 3962 492 4055 quod
531 3961 739 4048 dubitemus,
769 3985 967 4056 quanquam
1005 3959 1234 4032 Grotelcudus

1108 4079 1127 4146 5
