2746 4530
686 289 732 365 88

160 513 240 578 cunt
263 509 389 591 tnte'ro,
416 505 541 590 eutero,
559 504 685 572 entier.
703 499 790 571 Nam
816 505 968 592 integro,
986 523 1068 570 cum
1093 500 1264 577 nunidem

157 629 252 692 esset
276 629 377 713 atque
402 621 528 704 tatere,
554 638 574 686 e
599 616 703 687 latina
729 616 848 708 lingua
874 617 978 686 multo
1003 624 1081 711 post
1110 618 1265 688 transla-

156 743 225 805 tum
253 741 316 809 est.
341 736 413 803 lam
435 733 552 823 igitur,
580 737 617 800 ut
642 727 804 801 Caesaris
820 729 969 822 Augusti
994 731 1169 803 saeculum
1195 755 1266 803 no-

157 851 343 919 minativos
368 844 523 930 coluber,
548 848 665 938 piper,
691 843 794 933 liber,
817 843 925 914 raher
941 846 1155 940 paenultima
1181 869 1266 918 cor-

155 970 265 1058 repta,
293 960 450 1054 obliquos
487 979 590 1030 casus
616 967 651 1030 et
674 959 832 1030 derivata
857 959 978 1031 eadem
1003 960 1168 1054 producta
1194 983 1263 1055 ap-

156 1076 309 1173 pellavit,
338 1079 383 1146 ita
410 1073 509 1170 plebs
534 1078 668 1166 intepri
705 1075 888 1146 secundam
927 1073 1007 1145 alibi
1033 1077 1132 1146 aliter
1160 1076 1266 1148 dicti-

156 1198 249 1263 tasse
274 1189 507 1261 existimanda
533 1197 598 1260 est.
628 1189 742 1282 Atque
768 1190 843 1260 eius
871 1189 1109 1284 appellationis
1135 1191 1265 1261 indici-

156 1327 212 1375 um
249 1307 284 1376 in
317 1326 422 1375 versu
460 1302 617 1374 Saturnio
655 1306 852 1398 repperisse
890 1303 971 1374 mihi
1008 1305 1143 1375 videor.
1180 1304 1268 1376 Sunt

157 1421 247 1490 eninr
271 1417 395 1490 Naevii
433 1418 498 1489 duo
535 1439 674 1507 versus,
713 1421 770 1512 qui
808 1421 842 1489 in
879 1417 981 1490 Nonii
1019 1418 1194 1491 codicibus
1220 1423 1267 1492 ita

158 1535 274 1628 scripti
300 1540 392 1604 sunt:

207 1714 346 1788 Transit
368 1713 522 1787 Melitam
547 1714 721 1787 Romanus
769 1708 967 1787 'exereitus
994 1715 1139 1788 insulam
1165 1719 1226 1786 in·

210 1910 284 1982 Urit
308 1910 490 2006 populatur
515 1914 630 1982 vastat
800 1932 872 1981 rem
898 1909 1044 1981 hostiurn
1071 1820 1265 1981 lllhhlat

160 2096 315 2184 Quorum
340 2097 566 2190 posteriorem
604 2092 694 2164 hene
733 2114 772 2165 se
797 2091 926 2164 habere
965 2116 1069 2189 supra
1093 2094 1265 2182 vidimus,

158 2214 334 2306 inpriore
361 2217 488 2295 autem,
516 2230 592 2279 curo
620 2209 761 2281 alterum
788 2208 1042 2280 hemistichium
1060 2210 1266 2302 longiuscu-

160 2329 234 2399 lum
270 2325 464 2410 videretur,
504 2323 738 2396 Buechelerus
774 2326 943 2410 coniecit,
984 2330 1129 2418 primam
1167 2327 1267 2398 vocis

159 2446 334 2532 inteprouc
359 2441 498 2534 corripi,
527 2439 561 2509 id
586 2438 678 2531 quod
703 2437 777 2509 fieri
803 2461 908 2533 posse
934 2438 1142 2534 Spengelius
1172 2448 1268 2511 recte

159 2558 314 2650 negavit,
341 2559 415 2649 ipse
447 2552 690 2625 Hermannum
728 2575 879 2646 sequens
917 2553 1069 2645 ultimam
1107 2554 1268 2625 eiusdem

159 2675 256 2745 vocis
283 2669 452 2765 syllohom
477 2693 559 2740 cum
584 2671 698 2764 prima
724 2691 849 2740 versus
886 2672 1100 2762 insequentis
1126 2670 1269 2742 coales-

160 2808 241 2859 cere
263 2785 482 2857 confirmavit
505 2807 538 2879 p.
569 2784 654 2856 110.
684 2780 727 2854 ht
751 2786 944 2878 quicunque
976 2807 1102 2857 versus
1127 2782 1174 2856 'ex
1198 2784 1269 2856 he-

160 2902 337 2977 mistichiis
363 2902 567 2995 asynartetis
606 2902 819 2994 corapositus
858 2907 924 2985 est,
966 2899 1086 2992 quales
1124 2905 1270 2973 omnino

161 3023 241 3089 sunt
264 3014 418 3110 duplices
444 3019 520 3085 sive
547 3013 652 3104 longi,
688 3015 718 3084 is
757 3021 829 3082 tam
868 3011 1044 3083 absolutus
1077 3022 1112 3084 et
1137 3013 1269 3087 solidus

159 3128 317 3215 hahetur,
345 3137 382 3198 ut
405 3149 519 3220 neque
543 3129 672 3221 primus
698 3146 812 3220 neque
851 3135 1030 3197 extremus
1056 3148 1183 3215 exeo,
1210 3132 1271 3222 qui

161 3247 267 3315 anteit
291 3245 394 3337 quive
419 3244 621 3335 insequitur,
648 3263 818 3336 quoquam
844 3241 944 3313 ruodo
969 3241 1121 3335 pendere
1140 3241 1270 3313 videa-

161 3368 227 3431 tur.
257 3358 324 3430 Sed
349 3356 404 3429 iac
429 3356 661 3429 Hermannuna
689 3378 809 3427 verum
836 3359 1045 3450 repperisse:
1086 3365 1120 3426 at
1143 3365 1270 3451 posto·

161 3476 243 3545 riori
267 3472 405 3544 dimidio
431 3474 615 3543 anacrusis
640 3470 751 3542 addita
788 3477 854 3541 est.
894 3467 985 3540 Nam
1023 3469 1113 3562 quod
1149 3470 1269 3564 Spen-

161 3588 274 3681 gelius
316 3585 486 3680 syllabam
523 3609 590 3672 ex,
635 3607 742 3679 quam
783 3583 858 3672 hic,
898 3592 935 3663 ut
977 3585 1065 3678 apud
1090 3583 1266 3671 Plautum,

162 3705 286 3797 corripi
322 3723 428 3795 posse
466 3699 662 3785 arbitratur,
703 3699 849 3770 alteram
884 3706 1021 3793 partem
1057 3697 1165 3777 thesis
1203 3720 1269 3771 so·

162 3817 253 3889 lutae
295 3838 376 3887 esse
418 3816 517 3902 dicit,
561 3836 640 3886 cunr
679 3815 805 3899 altera,
845 3836 935 3908 quae
974 3822 1068 3887 esset
1109 3835 1188 3899 nos,
1232 3818 1270 3887 in

162 3935 277 4023 priore
315 3928 530 4000 hemistichia
571 3931 753 4013 manserit,
792 3927 858 4001 hoc
899 3937 966 3999 tan
1004 3949 1137 3999 novom
1174 3934 1269 3997 tam·

163 4068 230 4141 que
256 4046 377 4116 mirum
404 4044 585 4117 solutionis
626 4065 740 4136 genus
765 4050 833 4128 est,
862 4042 951 4135 quod
975 4041 1087 4114 verho
1112 4045 1269 4134 attigisse
