2746 4530
619 296 668 376 o

92 495 156 577 nbi
183 521 282 572 aanor
307 503 587 597 monosyllabum
612 516 678 594 est,
705 513 742 578 ul
782 511 870 603 apud
909 516 1087 583 scaenicos
1115 534 1203 593 sex5

91 615 262 686 centiens.
303 616 342 690 ln
380 618 501 691 ultimo
538 622 739 714 Scipionum
778 623 894 715 elogio
932 629 1079 719 poetico,
1114 625 1203 718 quod

91 726 254 826 rensibus
280 720 454 824 elegiacis
469 719 676 830 conceptum
715 745 781 823 est,
823 741 990 832 scriptum
1029 744 1205 810 estanoris

92 863 155 938 pro
181 864 237 931 eo,
266 845 356 940 quod
382 855 437 918 esu
460 853 560 934 meta,
580 857 617 918 ut
634 870 698 943 per
718 851 1204 945 monosyllabumlegerndum

25 1025 33 1033 ,
93 979 175 1037 esse
201 961 468 1053 significaretur,
498 968 532 1034 in
559 965 630 1036 hoo
649 988 769 1038 versu:

201 1109 357 1184 Virtutes
382 1120 525 1206 generis
552 1119 656 1188 mieis
684 1115 841 1188 moribus
870 1118 1102 1188 accumulavi.
1179 1196 1182 1206 ¹

92 1259 200 1354 Apud
221 1260 360 1333 Livium
386 1265 629 1336 Andronicum
655 1266 802 1336 diaeresi
829 1229 922 1339 caret
947 1267 1013 1337 hio:

142 1409 285 1499 Quando
310 1415 385 1486 dies
411 1416 584 1503 adveniet,
687 1439 787 1511 quem
815 1416 953 1511 prolata
974 1415 1127 1487 Mortast..

92 1561 245 1656 Utraque
271 1573 383 1637 auteur
410 1567 560 1641 diaeresi
598 1593 687 1641 unus
726 1577 829 1651 araret,
857 1570 917 1661 qui
947 1577 999 1638 est
1025 1572 1059 1637 in
1084 1565 1207 1640 lllum-

93 1681 155 1748 mii
181 1678 308 1751 tabula:
354 1733 357 1739 -

141 1831 260 1901 Duotu¹
281 1837 434 1930 auspicio
458 1838 675 1931 imperioque
784 1837 858 1906 eius
885 1834 1017 1906 Achaia
1045 1841 1156 1928 cepta,

98 1980 157 2053 ubi
185 1989 264 2055 eiua
289 1986 574 2076 monosyllabum
601 1996 666 2073 est,
695 1997 732 2058 ut
756 1990 790 2058 iu
816 1989 879 2059 hoo
905 1985 1098 2058 Naeuiano:

144 2135 289 2230 lamque
315 2141 393 2209 eius
420 2146 580 2209 mentem
600 2139 734 2209 lorluna
835 2138 966 2210 fecerat
990 2141 1154 2230 quietem.

98 2303 191 2374 Vide
217 2307 326 2376 etium
352 2304 610 2377 Lachmannum
638 2275 679 2375 ad
706 2303 804 2376 luor.
830 2303 859 2389 l,
890 2304 969 2376 149.
989 2301 1082 2374 Nom
1100 2306 1128 2372 si
1148 2324 1209 2395 per

96 2417 307 2512 disyllabum
347 2421 491 2503 dicatur,
520 2425 555 2492 in
593 2425 702 2516 primo
742 2421 828 2513 pede
853 2419 1020 2512 dactylus
1059 2419 1136 2500 erit,
1178 2418 1208 2487 id

95 2532 187 2633 quod
213 2556 391 2629 nunquam
416 2534 493 2608 lieri
520 2559 625 2631 supra
651 2537 924 2607 demonstratum
950 2543 1013 2605 est.

145 2647 335 2723 Elisionem
364 2660 482 2727 autem
515 2673 582 2729 non
610 2652 794 2746 impedire,
820 2674 863 2721 ne
889 2651 1059 2721 diaeresis
1086 2648 1211 2719 audia-

98 2771 165 2845 tur,
200 2787 277 2835 oum
304 2769 339 2837 in
365 2790 509 2839 caesura
537 2789 673 2860 quoque
700 2767 790 2837 idern
809 2767 914 2836 licere
939 2763 1115 2859 probabile
1141 2760 1158 2832 f
1196 2801 1210 2816 ·

101 2885 171 2947 tum
206 2882 265 2956 sits
291 2903 353 2974 per
386 2904 425 2952 se
453 2882 672 2973 intellegitur.
704 2880 974 2972 Coniungendae
1002 2889 1080 2954 suut
1105 2880 1211 2967 igilur

96 2995 239 3064 vocales
266 2997 299 3065 in
328 2999 444 3091 priore
470 2995 685 3067 hemistichio
712 2996 812 3067 huius
837 3017 963 3066 versus
991 2993 1143 3066 liviani:

195 3160 378 3235 Nexebaul
405 3165 512 3235 multu
540 3169 628 3236 iuter
653 3189 695 3238 se
796 3164 909 3237 llaxue
934 3164 1110 3242 nodorum,

98 3340 134 3406 et
156 3329 327 3403 Naeviani
353 3333 466 3404 huius:

147 3501 346 3596 ll'errusque
371 3525 509 3574 sursum
535 3504 576 3575 ad
601 3503 740 3574 eaelum
809 3499 945 3571 sustulit
971 3519 1053 3569 suas
1080 3518 1158 3566 ren.

100 3665 139 3746 lu
164 3671 358 3763 posteriore
384 3671 527 3743 dimidio
553 3671 671 3744 horum
696 3689 876 3752 versuum,
917 3667 974 3759 qui
1000 3667 1034 3736 in
1071 3662 1209 3756 Scipio-

100 3803 180 3852 uurn
207 3782 376 3876 sepulcris
402 3786 500 3856 incisi
528 3794 618 3858 sunt:

149 3947 293 4040 SubigIt
318 3972 418 4021 omne
444 3954 645 4022 Irouoanam
745 3948 953 4042 opsidesque
982 3942 1153 4013 ahdouoil.

152 4042 270 4118 llonos
295 4044 388 4122 ianua
414 4051 604 4146 virtusque,
746 4047 858 4138 glorio
884 4051 986 4134 atque
1019 4040 1209 4131 ingenium.
