2746 4530
714 251 759 325 40

229 460 406 536 Invalidds
433 468 608 558 etiamque
635 472 806 550 tremens,
839 465 945 534 etiam
972 465 1100 534 inscius
1127 466 1220 548 aevi,

179 619 305 708 quain
333 638 373 685 re
398 614 556 707 Vergilio
580 614 714 686 Ennius
740 618 878 710 praeiit,
909 618 967 710 qui
993 615 1088 686 dixit:

229 768 284 840 Sic
310 765 534 862 exspectabat
558 762 711 861 populns
741 775 843 860 atque
869 788 929 840 ora
954 763 1105 837 tenebat.

178 915 265 987 Illud
307 919 486 1008 quoirutcc
523 915 644 987 confer
681 939 762 986 cum
808 914 967 987 eiusdem
1005 911 1153 1005 Vergilii
1195 911 1293 985 Aen.

178 1029 241 1117 XI,
269 1030 351 1101 110:
389 1068 392 1074 ·

291 1162 420 1234 Pacem
447 1186 505 1234 me
532 1167 708 1236 exanimis
735 1172 768 1236 et
784 1164 904 1236 Martis
930 1173 1023 1238 sorte
1049 1168 1247 1260 peremptis
1332 1186 1337 1191 ·

286 1258 426 1334 Oratis?
452 1262 619 1355 equidem
643 1270 678 1333 et
701 1264 795 1334 vivis
821 1263 1012 1335 concedere
1037 1261 1184 1332 vellem.

180 1391 247 1464 Sed
273 1395 308 1463 in
336 1392 388 1464 bis
415 1391 577 1465 omnibus
606 1394 778 1488 exemplis
804 1392 955 1464 brevem
980 1393 1120 1487 produci
1159 1395 1195 1462 in
1225 1415 1293 1465 se-

178 1508 288 1578 cunda
315 1511 384 1578 arsi
410 1508 469 1578 vel
497 1511 622 1597 prioris
665 1508 724 1579 vel
763 1511 965 1603 posterioris
1000 1508 1132 1578 dimidii
1171 1509 1299 1578 anim·
1337 1506 1345 1520 '

180 1622 407 1693 advertimus.
436 1621 614 1693 Nimirum
649 1625 791 1716 siquos
830 1623 938 1693 adbuc
975 1622 1128 1694 vidimus
1166 1643 1298 1694 versus

178 1737 446 1830 perlustramus,
475 1747 615 1832 praeter
653 1760 762 1808 unum
801 1737 972 1808 Merulae.
994 1737 1129 1808 nullum
1154 1739 1298 1828 reperi·
1343 1748 1351 1755 ’

180 1875 275 1938 mus,
306 1855 387 1946 quin
426 1850 534 1923 verba
561 1852 613 1923 bis
651 1855 686 1922 in
725 1851 861 1924 arsibus
900 1855 1144 1937 terminentur,
1185 1858 1223 1921 ut
1259 1853 1298 1922 in

178 1965 256 2053 boc,
297 1969 394 2037 cuius
421 1966 580 2058 singulae
618 1989 724 2039 voces
763 1970 798 2040 in
839 1966 1055 2039 diaeresibus
1081 1975 1115 2037 et
1146 1987 1295 2037 caesura

175 2080 352 2166 desinunt,

274 2211 456 2285 Cornelius
565 2212 690 2285 Lucius
799 2212 912 2308 Scipio
1020 2201 1202 2283 Barbatus.

180 2332 275 2432 Quae
305 2345 482 2420 diaereses
510 2356 548 2418 ut
573 2369 656 2418 casu
680 2345 779 2432 fiant,
808 2355 942 2418 tantum
969 2345 1079 2433 abest,
1107 2354 1143 2415 ut
1168 2349 1299 2445 nonita

179 2464 280 2556 pauci
305 2465 526 2532 inveniantur
555 2484 697 2542 versus,
725 2464 796 2560 qui,
815 2464 844 2533 si
868 2461 936 2532 alio
953 2461 1087 2546 ordine,
1108 2483 1174 2554 quo
1193 2459 1299 2532 diae-

179 2598 277 2648 reses
303 2600 372 2648 non
398 2582 575 2664 constent,
608 2577 731 2670 digesti
751 2580 831 2661 sint,
860 2579 985 2648 rectius
1012 2598 1050 2647 se
1078 2573 1210 2646 habere
1235 2577 1298 2645 vi-

180 2690 336 2763 deantur.
365 2691 540 2787 Exempla
567 2713 609 2762 ea
636 2712 832 2777 sumamus,
861 2689 985 2784 quibus
1012 2693 1082 2759 iam
1100 2692 1212 2760 variis
1239 2689 1298 2761 to-

179 2811 230 2880 ois
254 2811 308 2880 usi
335 2829 469 2880 sumus.
500 2807 554 2878 Ac
580 2811 735 2901 primum
761 2806 903 2899 quidem
931 2810 965 2876 in
991 2803 1196 2899 Scipionum
1223 2804 1298 2878 elo·

179 2927 262 3020 giis,
291 2932 327 2994 ut
353 2922 525 2995 bonorum
551 2920 793 2994 Romanorum
819 2920 903 2992 ordo
922 2918 1184 3000 observaretur,
1205 2922 1299 2991 scri-

178 3035 333 3109 bendum
359 3044 444 3108 erat:

502 3165 628 3236 Aidilis
656 3166 775 3238 consol
801 3188 940 3253 censor,

110 3379 114 3387 ,
178 3303 211 3374 id
244 3301 334 3397 quod
369 3303 536 3395 seriptum
568 3310 621 3371 est
645 3322 748 3394 prosa
774 3303 929 3372 oratione
951 3303 986 3369 in
1012 3298 1127 3390 elogio
1143 3296 1181 3367 L.
1206 3297 1291 3371 (ior-

179 3417 263 3490 nelii
287 3413 325 3486 L.
354 3413 378 3485 f.
409 3413 597 3509 Scipionis.
626 3414 666 3485 lu
695 3413 860 3486 Saturnio
899 3423 1016 3484 autem
1052 3435 1160 3483 versu
1192 3413 1290 3485 idem

179 3531 428 3626 transpositum
454 3538 508 3601 est
539 3531 600 3601 sic:

445 3662 569 3735 (tonsol
596 3683 723 3734 censor
830 3660 956 3746 aidilis,

180 3805 217 3868 ut
241 3798 276 3868 in
302 3793 451 3868 secunda
479 3795 550 3866 arsi
575 3793 742 3866 diaeresis
768 3792 881 3866 beret.
910 3792 1040 3878 Innio,
1081 3813 1171 3885 quoe
1209 3799 1289 3863 sunt

115 3922 120 3929 ’
231 3923 365 4016 Subigit
390 3946 498 3996 omne
546 3919 749 3995 Loucanam
848 3922 1057 4018 opsidesque
1084 3921 1254 3994 abdoucit.
1360 3974 1363 3983 ·

229 4020 353 4093 Annos
379 4030 505 4114 gnatus
548 4023 693 4113 vigintei
848 4023 878 4093 is
907 4021 1014 4092 loccis
1040 4020 1234 4106 mandatus,
