2746 4530
655 276 701 348 62

125 487 260 559 Deinde
284 488 395 558 traditi
423 495 501 558 sunt
525 498 594 557 tres
619 508 758 586 versus,
786 489 821 556 in
848 484 970 579 quibus
1004 485 1110 557 thesis
1136 487 1237 578 legi-

126 607 207 673 timo
233 602 290 673 illa
319 602 453 695 quidem
480 602 570 687 loco,
613 603 673 675 sed
700 611 777 697 post
813 600 1049 695 praeverbium
1090 603 1233 688 excidit,

126 717 213 811 quod
229 717 319 787 idem
332 715 404 786 lere
423 739 503 787 esse
520 717 671 801 videtur,
693 739 733 786 aa
751 720 780 786 si
798 719 832 785 in
851 715 962 785 medio
980 713 1088 786 verbo
1103 720 1234 786 omissa

136 835 189 900 sit.
220 829 370 914 Quorum
397 829 449 900 bic
476 838 528 901 est
552 828 728 901 Livianus:

231 977 336 1048 Simul
363 979 476 1049 duona
503 1001 620 1049 eorum
729 985 866 1073 portant
891 977 932 1047 ad
957 999 1081 1063 naves,

125 1129 158 1199 hi
185 1131 362 1227 Naeviani:
483 1149 486 1153 ·

223 1256 414 1351 Onerariae
439 1288 584 1350 onustae
763 1277 897 1349 stabant
920 1280 956 1348 in
981 1276 1122 1350 bustris.

224 1376 365 1455 Flentes
391 1376 526 1461 ambae,
556 1375 722 1446 abeuntes
765 1376 926 1446 lacrumis
952 1397 1026 1445 cum
1054 1375 1180 1447 multis.

126 1539 170 1611 Et
196 1544 309 1634 priora
340 1541 473 1634 quidem
501 1564 622 1611 eorum
647 1540 860 1613 hemistichia
886 1542 1011 1612 hiatum
1037 1540 1166 1612 babent
1195 1546 1233 1612 in

126 1657 288 1748 diaeresi‚
314 1658 403 1751 quod
430 1680 534 1751 quam
559 1678 626 1727 non
667 1679 745 1728 raro
770 1656 841 1748 liat,
881 1660 990 1728 statim
1021 1655 1233 1743 videbimus,

127 1775 159 1841 in
192 1769 434 1867 posterioribus
461 1779 571 1840 autem
592 1793 660 1841 non
686 1769 791 1842 modo
810 1771 967 1862 singulae
985 1770 1101 1841 theses
1120 1774 1235 1841 omis-

127 1911 187 1959 sae
213 1886 373 1958 videntur
400 1893 479 1979 post
502 1884 721 1980 praeverbia,
750 1908 942 1979 quanquam
960 1884 1046 1956 baec
1063 1893 1130 1954 tam
1158 1893 1232 1955 arte

127 2023 203 2071 cum
229 1998 428 2071 nominibus
454 2003 616 2091 coniungi
642 2002 761 2081 solent,
789 2008 824 2069 ut
849 2004 887 2070 in
924 2007 993 2070 tota
1030 1999 1092 2070 bac
1123 2022 1232 2072 com·

125 2115 298 2208 plexione,
328 2117 481 2183 etiamsi
509 2113 750 2206 praeverbium
782 2114 923 2185 duarum
944 2118 987 2185 sit
1004 2098 1225 2207 syllabarum,

125 2228 232 2300 semel
257 2231 365 2297 accini
392 2237 550 2322 oportere
567 2236 711 2298 testetur
724 2226 952 2314 Quintilianus
969 2225 997 2312 l,
1026 2231 1058 2314 5,
1088 2228 1146 2314 27,
1169 2227 1233 2299 s'ed

125 2341 275 2414 secunda
301 2342 406 2413 thesis
433 2347 533 2413 etiam
566 2343 726 2437 producta
766 2351 819 2413 est
857 2349 956 2435 atque
995 2340 1103 2411 semel
1143 2302 1235 2413 ar¹sis

125 2457 249 2543 soluta,
278 2456 310 2526 id
337 2457 439 2550 quod,
459 2478 535 2526 cunr
562 2461 747 2551 insequens
778 2456 883 2526 thesis
909 2458 1037 2526 omissa
1063 2458 1118 2539 sit,
1135 2477 1231 2525 nuu-

125 2595 230 2666 quarn
255 2569 331 2642 lieri
357 2593 461 2666 posse
487 2572 806 2645 demonstravimus.
842 2569 916 2640 Huc
954 2570 1097 2654 accedit,
1139 2570 1232 2665 quod

126 2693 255 2779 primus
280 2689 314 2754 in
341 2694 500 2780 corrupto
532 2685 626 2756 Festi
653 2686 755 2755 lexici
780 2685 855 2755 loco
893 2685 1029 2777 legitur,
1071 2684 1157 2755 alter
1192 2688 1233 2755 in

128 2798 250 2870 Isidori
276 2799 488 2892 Originibus,
516 2803 698 2894 quiquam
726 2800 831 2870 molus
858 2803 902 2871 sit
925 2820 1049 2871 versus
1082 2802 1231 2870 Saturnii

127 2923 257 3001 auctor,
285 2915 373 2986 haee
398 2914 485 2985 Livii
511 2924 545 2985 et
568 2914 690 2986 Naevii
717 2914 759 2985 ab
785 2938 827 2987 eo
852 2915 972 2985 tradita
1004 2913 1213 3006 significant:

229 3082 388 3176 Tumque
414 3105 531 3154 remos
557 3086 656 3154 iussit
680 3083 832 3176 religare
858 3085 1017 3177 struppis

230 3180 450 3274 Puloramque
476 3203 521 3251 ex
547 3204 629 3252 auro
656 3191 855 3273 vertemque
882 3183 1058 3263 citrosam,

125 3373 214 3443 quae
239 3347 426 3419 editoribus
450 3369 520 3418 non
545 3369 652 3441 parva
667 3343 1037 3438 negotiafaoessebant
1063 3341 1235 3415 etfaces·

127 3472 213 3536 sent.
255 3461 409 3532 Tertium
450 3470 566 3531 autem
593 3460 792 3555 exemplum
814 3465 945 3554 optime
972 3480 1050 3530 sese
1076 3455 1233 3544 babebit,

125 3581 230 3672 siquis
267 3578 434 3647 lacrimas
471 3582 583 3670 primo
622 3575 782 3670 producto
820 3575 888 3666 legi
934 3594 1038 3668 posse
1077 3571 1238 3643 demon·

124 3699 299 3768 straverit.

177 3811 215 3882 ln
244 3813 370 3880 ceteris
396 3807 573 3902 exemplis,
601 3828 689 3898 quae
715 3802 813 3875 nobis
841 3803 1016 3873 adversari
1054 3801 1235 3887 videntur,

130 3929 235 4012 biatu,
264 3931 321 4019 qui
347 3923 510 3995 facillime
535 3929 569 3993 in
596 3922 745 3993 diaeresi
784 3919 858 3991 lieri
884 3927 996 4014 potest
1018 3922 1234 4012 praesertim

129 4051 207 4136 post
234 4041 371 4131 longam
397 4037 461 4112 sub
487 4042 554 4108 ictu
581 4041 742 4132 positam,
769 4039 897 4130 optime
923 4037 1061 4120 vitatur,
1087 4052 1132 4102 ne
1157 4034 1240 4126 pri·
