2746 4530
636 329 801 402 17-

99 551 143 622 33
171 572 223 645 sq.
251 562 405 649 apparet.
434 553 540 626 Cuius
567 558 736 651 exemplis
764 555 847 629 Brix
882 558 941 654 (ad
975 558 1213 637 Trinummum

96 687 133 738 v.
165 663 256 755 187)
281 667 373 738 addit
398 669 554 740 Plautina
581 669 679 741 haee:

205 817 305 889 Lueri
332 842 437 890 eausa
464 833 571 890 avara
602 818 766 913 probrum
793 844 869 892 sum
895 834 1059 896 exsecuta

740 917 862 1008 (Truo.
892 919 936 1005 ll,
967 922 1002 1006 5,
1032 925 1082 1013 8).

207 1014 426 1109 Ampelisca.
458 1013 546 1086 Hem
573 1017 650 1107 quis
677 1012 751 1083 est?
778 1012 865 1106 Ego.
895 1015 1142 1093 Palaestrdne‘d
1302 1092 1304 1096 .

658 1112 738 1180 Sum
767 1111 870 1197 (llud.
900 1111 928 1198 l,
957 1114 992 1198 4,
1022 1117 1218 1212 15-237).

205 1207 273 1278 Fae
297 1206 450 1293 videam,
481 1211 510 1278 si
536 1230 592 1278 me
618 1211 673 1278 vis
701 1210 837 1279 vivere.
867 1208 944 1280 Eho
969 1215 1082 1300 istinc,
1124 1217 1224 1288 Gan·

593 1300 706 1392 thorn,
732 1304 814 1376 iube
842 1304 958 1401 (Epid.
988 1306 1051 1390 lv,
1081 1312 1113 1395 1,
1142 1315 1218 1407 40).
1263 1397 1269 1405 .

98 1451 235 1524 Dubitat
261 1453 304 1524 de
329 1455 477 1525 l'erentii
504 1452 587 1529 lleo.
615 1455 703 1549 prol.
718 1488 719 1492 ¹
734 1455 769 1525 2:
911 1515 912 1519 ,

657 1602 743 1674 haee
772 1627 873 1698 quom
902 1606 1012 1678 datast

207 1729 319 1817 Nova,
348 1756 473 1804 novom
500 1738 689 1806 intervenit
716 1739 834 1807 vitium
862 1746 896 1809 et
921 1741 1111 1814 calamitas.

99 1878 237 1951 Poterat
262 1880 388 1951 addere
415 1904 461 1952 ex
487 1882 605 1953 eodem
632 1884 835 1956 Trinummo
863 1885 908 1971 ll,
940 1890 976 1974 1,
997 1890 1041 1977 23
1068 1891 1189 1986 (2502

206 2031 284 2104 Nox
309 2034 419 2120 datar,
445 2035 579 2105 ducitur
604 2034 736 2108 familid
763 2045 847 2109 tota.

100 2185 265 2254 Fortasse
291 2183 412 2255 eodem
439 2184 643 2257 referendus
670 2196 726 2257 est
755 2188 897 2280 Vergilii
922 2188 1014 2260 Aen.
1046 2189 1125 2278 Xll,
1156 2194 1224 2266 648

208 2332 332 2404 Sancta
358 2334 489 2406 advos
517 2332 631 2415 anima
657 2343 757 2427 atque
776 2339 874 2405 istius
902 2339 1011 2407 inscia
1036 2338 1176 2432 culpae..
1224 2407 1226 2410 .

99 2479 220 2576 ltaque
245 2482 335 2553 beno
363 2504 401 2553 se
428 2483 554 2554 habent
573 2484 608 2554 hi
627 2506 767 2567 versus,
796 2489 852 2576 qui
872 2487 908 2554 in
926 2487 1122 2580 Scipionum
1146 2490 1226 2561 elo-

99 2599 168 2689 giis
195 2605 286 2666 sunt:
1170 2611 1172 2620 '

209 2744 328 2815 Honos
354 2741 446 2814 lamd'
472 2749 663 2836 virtusque,
691 2744 806 2835 gloria
833 2751 935 2835 atque
964 2747 1155 2838 ingenium.

208 2838 332 2922 Tarrd,
361 2839 459 2912 Publi
484 2848 690 2936 prognatum
716 2840 1021 2913 Publiotlorneli.

211 2937 333 3024 Quoiei
357 2935 430 3009 vira
456 2935 592 3022 deleoit,
621 2959 690 3007 non
716 2936 825 3008 honos
851 2937 988 3009 honore

101 3089 335 3162 mmffld

211 3220 336 3294 Sanotd
361 3244 447 3316 prrer
478 3222 614 3292 Saturni
639 3216 714 3290 lilid
743 3222 878 3312 regina.

153 3368 318 3440 Similiter
331 3388 400 3460 que
413 3370 624 3452 coniunctio,
640 3371 766 3461 quippe
780 3389 868 3460 quae
883 3389 928 3438 ex
943 3366 1094 3437 ablativo
1108 3365 1228 3458 queid,

104 3487 188 3577 quei
227 3489 300 3552 orta
339 3489 448 3565 esset,
489 3503 557 3552 non
598 3481 697 3551 modo
736 3480 778 3551 ab
818 3483 1064 3575 antiquissimis
1104 3483 1227 3574 poetis,

103 3618 227 3668 varum
253 3599 356 3666 etiam
382 3618 402 3664 a
430 3593 594 3688 Vergilio
620 3597 748 3688 quique
765 3603 843 3690 post
874 3617 952 3666 eum
978 3615 1104 3665 versus
1129 3590 1232 3664 leoe-

103 3720 185 3782 runt
211 3711 415 3803 saepissime
447 3707 593 3780 subiotu
619 3707 812 3804 ponebatur
828 3709 995 3802 (Gorssen
1020 3706 1169 3800 Aosspr.
1198 3705 1227 3793 1,

105 3824 176 3898 336
203 3825 288 3917 sq.).
319 3824 435 3916 lleqne
467 3822 591 3894 desunt
617 3824 772 3915 vestigia
813 3827 973 3916 antiquae
1005 3820 1233 3913 longitudinis

103 3959 128 4011 u
153 3938 288 4023 literae,
315 3959 382 4030 qua
400 3937 566 4009 clauditur
591 3939 824 4007 nominativus
844 3944 879 4007 et
907 3938 1129 4006 accusativus
1149 3932 1234 4026 plu-

102 4051 188 4123 ralis
213 4055 367 4123 neutrius
393 4057 548 4144 generis,
577 4053 628 4122 siu
653 4060 689 4120 ut
714 4055 747 4121 in
775 4050 910 4123 Vodiea
936 4047 1103 4120 dialecto
1127 4045 1232 4133 oiood

1100 4160 1121 4231 2
