2746 4530
693 302 739 375 92

164 513 241 598 erit,
271 514 302 583 si
326 515 402 605 quis
428 511 596 582 Herculei
622 510 828 602 disyllabum
848 502 918 585 ‘hoo
947 514 1023 586 loco
1049 518 1161 589 minus
1185 536 1273 612 pro-

163 625 310 709 bavarii:

287 793 387 866 Douu
413 793 543 865 daniint
567 792 728 866 Hercolei
802 818 980 868 maxsume
1005 806 1147 870 moreto.

165 959 230 1047 Qui
256 984 380 1035 versus
406 963 527 1035 eodem
554 962 627 1035 iere
654 964 754 1036 modo
779 965 948 1056 procedit,
977 988 1046 1060 quo
1072 966 1132 1037 ille

294 1130 456 1203 Duonoro
481 1139 619 1225 optumo
717 1129 808 1203 luiso
832 1134 922 1203 viro.

167 1292 316 1364 Danant
339 1299 429 1366 enim
455 1318 517 1391 per
544 1319 582 1368 se
607 1319 675 1367 uon
702 1299 813 1388 magis
840 1298 962 1368 mirum
989 1306 1056 1382 est,
1084 1320 1184 1393 quam
1211 1321 1278 1372 co·

167 1411 330 1480 micorum
358 1410 571 1481 illaiamne
604 1412 796 1504 despicula,
831 1412 1071 1503 cadcemnus
1107 1417 1278 1503 fariulo-

167 1527 254 1607 riao,
279 1524 471 1610 coloniole,
488 1525 669 1611 talentum,
693 1525 775 1611 alia,
795 1530 997 1621 praesertim
1025 1530 1055 1598 si
1074 1531 1278 1624 scripturam

168 1638 296 1709 dedrot
320 1661 382 1734 pro
410 1663 465 1725 eo,
494 1643 582 1735 quod
612 1649 666 1712 est
689 1641 872 1727 dederont,
901 1644 1170 1738 comparaveris.

219 1752 433 1848 Synizesium
448 1765 571 1840 autem,
583 1778 673 1851 quae
689 1779 779 1828 nuno
793 1757 930 1850 quidem
945 1781 964 1828 a
977 1762 1063 1829 viris
1078 1759 1185 1831 doctis
1199 1755 1279 1829 huic

169 1877 280 1939 metro
306 1875 358 1940 sat
375 1868 517 1962 largiter
542 1871 749 1955 tribuuntur,
777 1891 887 1965 pauca
914 1872 1092 1964 admodum
1119 1870 1280 1965 exempla

168 1987 305 2078 repperi
332 2007 444 2077 eaque
470 1986 664 2072 lenissima,
699 1985 814 2078 qualia
840 1994 919 2056 sunt
954 1967 1053 2058 naeus
1089 1988 1125 2057 in
1162 1982 1279 2055 tabula

170 2105 323 2196 Caecilii,
348 2082 468 2181 eorum
496 2111 584 2203 apud
609 2111 788 2189 Naevium,
817 2080 894 2182 educ
919 2113 954 2179 in
979 2107 1095 2179 tabula
1121 2107 1280 2179 Mummii

156 2238 206 2300 .et
230 2230 318 2325 apud
343 2230 526 2316 Naevium,
546 2238 631 2316 tum,
652 2230 740 2324 quod
758 2239 882 2324 postea
899 2229 1106 2315 videbimus,
1128 2201 1280 2300 aureum

172 2345 259 2440 apud
285 2346 443 2418 eundem.
474 2345 600 2418 Cetera
626 2354 683 2415 aut
708 2344 795 2417 falsa
822 2356 900 2418 sunl
926 2354 983 2416 aut
1008 2353 1100 2416 corte
1126 2342 1243 2416 dubia.

220 2460 317 2532 Haec
341 2460 414 2532 lere
440 2470 533 2545 suut,
561 2483 650 2554 quae
677 2463 711 2531 in
746 2468 838 2532 tanta
877 2461 1096 2553 reliquiarum
1135 2462 1280 2554 penuria

172 2575 215 2646 ad
241 2576 336 2668 leges
365 2584 400 2647 et
423 2577 579 2646 licentias
618 2577 846 2666 antiquissimi
883 2574 1115 2646 Romanorum
1154 2594 1281 2645 versus

171 2689 394 2760 illustrandas
421 2688 588 2779 colligere
614 2691 721 2782 potui.
751 2687 847 2774 Quae
885 2711 962 2759 cum
993 2691 1077 2759 satis
1110 2689 1282 2782 explicata

173 2825 253 2875 esse
278 2805 472 2889 videantur,
500 2806 567 2874 iam
595 2826 613 2871 a
640 2803 785 2895 siugulis
805 2803 964 2875 versibus
982 2803 1024 2874 ad
1042 2824 1160 2874 eorum
1178 2824 1282 2873 eom·

172 2919 352 3014 plexiones
370 2927 595 2989 transeamus.
606 2916 720 3010 Atque
738 2921 773 2989 in
791 2915 979 2990 maioribus
997 2914 1172 3011 operibus,
1190 2937 1283 3009 qua-

173 3034 219 3107 lia
245 3043 342 3104 erant
366 3032 453 3104 Livii
479 3031 666 3102 Andronici
694 3030 830 3104 Odissia
858 3041 892 3104 et
911 3033 1033 3104 Naevii
1054 3028 1189 3100 Bellum
1205 3029 1283 3100 Pu-

174 3151 306 3237 nicum,
333 3147 472 3218 dubium
503 3166 571 3217 nou
597 3154 663 3231 est,
692 3150 774 3240 quin
799 3146 963 3219 versiculi
987 3145 1081 3215 nullo
1107 3151 1200 3215 certo
1219 3164 1284 3215 or·

174 3265 253 3336 dine
279 3262 463 3335 observato
496 3261 583 3333 alius
611 3262 712 3333 alium
738 3265 955 3356 exceperint.
992 3259 1030 3330 lu
1063 3255 1285 3331 brevioribus

175 3389 285 3451 autem
314 3381 544 3450 monumentis
569 3381 666 3448 varia
700 3376 973 3471 complexionum
1001 3372 1141 3447 artificia
1174 3393 1284 3468 appa·

174 3500 264 3565 rent.
304 3489 390 3563 Nam
433 3491 633 3586 plerumque
676 3492 981 3563 animadvertimus
1017 3489 1117 3561 binos
1157 3509 1283 3561 versus

176 3609 423 3679 sententiarum
449 3606 588 3676 vinculo
615 3614 688 3677 arte
718 3607 807 3676 inter
831 3626 869 3675 se
894 3603 1092 3684 cohaerere,
1126 3624 1193 3696 quo
1224 3603 1285 3673 in-

175 3722 307 3793 terdum
335 3729 495 3793 constans
535 3720 648 3814 aliqua
686 3727 720 3791 el
758 3727 924 3813 perpetua
962 3717 1092 3790 formae
1130 3718 1284 3787 variatas

177 3837 327 3911 accedat.
358 3837 552 3930 Scipionum
580 3835 715 3930 quidem
742 3835 854 3927 elogia
880 3837 994 3905 omnia
1019 3834 1065 3904 ita
1085 3854 1125 3904 se
1142 3828 1283 3918 habent,

176 3962 249 4024 ute
275 3956 381 4024 ternis
406 3952 568 4023 binorum
595 3972 764 4023 versuum
791 3947 942 4044 strophis
961 3955 1122 4018 constare
1136 3944 1284 4017 videan-

236 4121 244 4137 .
263 4065 370 4140 Recte
388 4070 478 4139 euim
496 4066 670 4137 iudicasse
688 4062 834 4135 arbitror
851 4061 1103 4134 Buechelerum
1120 4067 1156 4130 et
1167 4059 1285 4154 Spon-
