2746 4530
648 319 692 392 tt

127 530 256 614 veedhi,
285 552 374 622 quae
398 528 544 600 eundem
568 527 646 598 fere
663 528 818 598 ordinem
838 551 877 599 uc
897 527 1008 599 locum
1026 529 1159 603 obtinet
1177 540 1232 603 51-

127 668 184 740 que
202 645 395 726 Saturnius,
416 665 557 738 semper
575 642 737 713 trochaeo
754 642 937 713 clauditur.
969 642 1078 730 Quam
1097 647 1228 727 obrem

127 759 184 832 hoc
206 767 358 832 statuere
381 780 579 852 possumus,
608 779 733 831 versus
760 758 910 828 Saturnii
938 763 1112 855 exempla,
1143 787 1232 857 quae

129 877 163 948 td
179 898 242 948 nos
260 878 501 972 pervenerint,
520 896 589 946 non
608 896 702 958 casu,
723 876 785 946 sed
804 898 824 945 e
842 884 936 945 certe
950 878 1029 970 lege
1042 880 1145 973 longe
1159 882 1232 978 plu-

128 996 202 1062 rimu
216 994 252 1061 in
265 988 464 1061 trochaeum
474 989 601 1060 cedere
615 998 650 1060 et
663 990 695 1060 id
710 990 859 1083 quidem,
870 999 906 1060 ut
921 994 954 1061 in
968 992 1229 1084 Drdttkvcedhi,

128 1115 297 1200 utrumque
321 1104 507 1176 dimidium.
523 1102 665 1190 Restat,
687 1112 724 1174 ut
739 1127 848 1198 pauco
867 1105 977 1176 dicam
996 1109 1040 1177 de
1054 1109 1235 1200 versibus,

131 1240 263 1312 quorum
279 1219 422 1289 ultorum
435 1225 546 1287 utrum
561 1216 737 1287 dimidium
758 1218 793 1286 in
807 1217 973 1310 dactylum
988 1222 1114 1294 cudere
1127 1225 1233 1296 vide-

132 1341 186 1404 tur.
228 1332 326 1418 Quod
353 1353 465 1424 genus
491 1339 569 1402 sunt
596 1330 682 1401 hoec
707 1330 933 1417 hemistichia,
967 1356 1054 1426 quae
1075 1359 1094 1406 5
1112 1335 1233 1411 Pfuvio

133 1447 307 1540 probantur
324 1471 357 1542 p.
382 1447 453 1541 635Ι

429 1595 552 1668 Celsos
571 1599 661 1668 ocris
680 1599 847 1690 drvaque.

427 1692 574 1765 I⁴nferus
594 1699 638 1764 dn
657 1697 804 1786 superus
821 1693 896 1779 tihi,

137 1845 231 1915 515115
246 1844 458 1936 multc,quce
472 1844 507 1912 in
521 1845 596 1912 eius
612 1841 698 1930 libro
713 1841 1034 1927 inveniuntur,alibi
1048 1866 1231 1939 nusquam.

138 1955 253 2030 Verum
274 1967 389 2030 tumen
408 1961 477 2048 qui,
499 1979 643 2050 quaeso,
666 1960 700 2026 in
718 1978 824 2028 versu
841 1957 900 2027 vel
918 1955 1064 2030 iambico
1082 1962 1141 2031 vel
1158 1970 1235 2033 tro-

139 2069 237 2145 chaico
255 2081 412 2147 extremo
435 2073 595 2160 dactylus
615 2094 633 2140 5
652 2074 795 2159 cretico,
814 2070 847 2141 id
861 2076 918 2142 est
931 2075 1086 2145 trimeter
1098 2097 1117 2145 5
1131 2084 1233 2148 tetreu

139 2195 226 2260 metro
248 2189 407 2281 dignosci
430 2186 565 2283 possit?
605 2184 727 2280 Neque
754 2189 845 2256 enim
870 2190 1052 2281 quicquum
1080 2192 1231 2285 impedit,

139 2303 249 2390 quinio
267 2305 460 2399 posteriore
477 2302 602 2396 dactyli
620 2301 708 2372 thesi
728 2303 830 2370 ictum
848 2323 1037 2394 ponamus,
1064 2313 1099 2372 ut
1123 2327 1235 2400 supe-

140 2413 213 2488 riora
230 2420 287 2489 1115
305 2417 466 2519 exempla
484 2414 650 2488 Pfaviunc
668 2416 827 2507 legantur
846 2417 918 2486 sic:

430 2567 552 2640 Celsos
571 2570 662 2639 deris
681 2568 846 2660 drchud.

429 2663 573 2736 l'ni’erus
593 2669 637 2735 dn
655 2667 804 2760 superuis
823 2661 896 2734 tihi.

176 2809 253 2898 Quid
271 2813 393 2886 enim?
418 2813 551 2911 Nempe
571 2815 697 2902 thesis,
718 2837 807 2909 quae
820 2813 898 2883 huic
911 2835 1027 2887 novae
1043 2819 1110 2886 orsi
1123 2840 1233 2913 prce-

140 2925 218 3011 ttdit
235 2927 356 3001 brevis
381 2938 445 3002 est.
475 2927 551 3012 Huc
570 2930 712 3011 accedit,
731 2929 824 3023 quod
843 2929 1002 3025 dactylus
1028 2932 1131 3003 aliter
1154 2936 1234 3006 oriri

138 3051 345 3138 conponeret
362 3052 462 3138 atque
480 3045 597 3114 ultime
615 3041 703 3114 thesi
725 3043 846 3114 soluta.
881 3041 947 3113 Sed
963 3043 1115 3116 ultimum
1135 3051 1235 3119 unci-

138 3152 223 3242 pium
239 3181 354 3254 neque
373 3162 478 3231 arsim
496 3181 610 3255 neque
628 3159 752 3230 thesim
766 3159 854 3230 solvi
870 3181 977 3255 posse
990 3180 1088 3246 ‚non
1102 3160 1231 3249 dubito,

137 3272 200 3361 pin
223 3277 310 3345 sciat
332 3277 375 3361 is,
405 3278 462 3370 qui
487 3279 569 3346 ortis
592 3278 754 3345 metricae
773 3273 1012 3365 compendium
1032 3275 1066 3346 in
1084 3296 1235 3372 gymne-

136 3381 246 3459 siomm
270 3411 369 3460 usum
393 3393 581 3487 scripserit.
625 3390 722 3460 Nihil
752 3390 857 3481 igitur
883 3397 1007 3482 agunt,
1040 3392 1234 3488 quicunque

135 3513 257 3573 versum
282 3501 477 3575 Saturnium
509 3513 566 3574 out
589 3507 759 3598 posterius
783 3505 859 3576 eius
887 3502 1063 3576 dimidium
1083 3490 1129 3558 ἓ
1154 3529 1233 3579 nem

133 3608 167 3682 do
188 3620 302 3712 priore
321 3628 398 3714 post
413 3619 599 3692 viderimus
621 3661 665 3670 -
693 3619 792 3689 aliter
810 3626 918 3712 atque
936 3620 1097 3693 trochaeo
1114 3621 1235 3695 volunt

134 3728 333 3815 conclusum.

167 3839 260 3930 Quae
278 3867 356 3916 eum
376 3845 418 3916 de
433 3851 598 3920 universo
614 3869 741 3921 versus
758 3849 908 3920 Saturnii
928 3846 1037 3942 figure
1055 3854 1139 3924 setis
1158 3861 1233 3925 ste-

126 3950 209 4029 1511115
226 3980 309 4032 esse
336 3959 531 4050 videantur,
552 3965 618 4035 iem
638 3963 680 4034 ad
699 3964 838 4056 singule
857 3984 1056 4059 pergamus.
1085 3966 1139 4036 Ac
1158 3969 1233 4061 pri-

124 4091 208 4144 mum
225 4074 364 4169 quidem
383 4077 418 4146 in
440 4076 613 4163 omnibus,
634 4100 722 4172 quoe
741 4099 847 4173 supro
865 4078 1040 4166 teguntur,
1061 4078 1232 4175 exemplis

1105 4194 1124 4265 3
