2746 4530
644 275 690 347 ed

125 498 264 563 uertere
302 491 394 574 lieet,
432 509 477 559 ne
514 496 592 584 pest
628 489 790 559 vocalem
826 491 914 561 arsis
952 492 987 560 vi
1025 489 1230 585 productam

124 627 216 677 neve
241 611 320 699 post
344 605 452 675 arsim
490 604 650 674 solutam.
692 602 806 689 Quam
844 603 888 677 oh
926 627 1002 676 rem
1041 607 1124 677 nihil
1162 609 1234 701 agit

125 719 278 803 Flavius,
306 721 362 812 qui
388 740 423 811 p.
453 718 497 789 69
524 716 587 791 hoe
611 716 827 797 Naeviauum
864 728 1023 813 tanquam
1058 723 1234 814 integrum

126 857 274 907 versum
300 833 448 904 exhibet:

177 1001 326 1073 Sdmme
352 1000 466 1073 Deilm
492 1005 654 1098 regnator
761 1007 931 1096 quidnam
956 1028 1069 1098 genus
1096 1010 1164 1078 isti.

126 1167 248 1262 Neque
274 1176 455 1262 poetarum
480 1168 825 1261 anglosaxonieorum
852 1175 1046 1259 aucteritas,
1075 1196 1141 1267 qua
1168 1174 1235 1246 ab·

128 1289 245 1369 utitur,
273 1286 451 1376 quiequam
490 1282 536 1352 illi
561 1283 715 1378 prodest.
745 1286 828 1355 Nam
867 1285 957 1379 quod
991 1289 1025 1357 in
1063 1288 1236 1360 eiusmodi

128 1397 299 1483 versibus,
328 1399 447 1492 quales
472 1407 552 1469 sunt
577 1397 620 1468 ah
646 1420 688 1468 eo
714 1399 804 1469 allati
830 1422 863 1493 p.
895 1399 938 1471 ud

477 1566 575 1638 Snnn
599 1565 810 1640 Hedlfdenes

130 1694 164 1756 et
470 1796 587 1869 Vtred
613 1798 681 1869 edll
697 1802 798 1884 aras,

130 1973 217 2040 ictus
243 1971 320 2041 sive
351 1974 512 2039 accentus
550 1969 585 2036 in
622 1965 765 2037 brevem
803 1965 906 2054 eadit,
934 1965 977 2036 de
993 1966 1082 2042 thesi
1108 1970 1239 2038 emissa

131 2085 274 2176 eogitari
299 2102 369 2152 non
393 2088 517 2176 potest,
546 2083 706 2174 queniam
731 2084 765 2151 in
792 2078 1040 2151 Germanorum
1058 2079 1237 2168 versibus,

131 2204 168 2266 ut
192 2201 250 2290 qui
274 2218 344 2269 non
370 2219 391 2266 e
416 2195 585 2266 vocalium
612 2195 830 2290 longitudine
855 2197 1038 2291 pendeant,
1069 2196 1154 2269 nihil
1180 2200 1242 2267 in-

132 2318 255 2396 terest,
282 2319 398 2381 utrum
424 2310 587 2406 preducta
614 2333 658 2381 an
696 2319 856 2405 correpta
881 2309 945 2381 sub
984 2313 1051 2381 ietu
1077 2313 1133 2383 sit.
1162 2312 1240 2383 De-

131 2427 236 2519 nique
262 2424 425 2497 mittenda
451 2433 504 2496 est
520 2426 656 2497 tandem
677 2426 859 2520 aliquande
877 2429 942 2496 ista
960 2448 1124 2497 versuum
1143 2434 1241 2497 trau-

133 2540 312 2613 tanderum
337 2543 438 2625 ratio,
466 2561 567 2632 quam
594 2543 650 2635 qui
689 2540 870 2634 amplexus
896 2549 962 2625 est,
1003 2539 1083 2634 quid
1107 2539 1242 2613 dismi-

133 2658 234 2728 minis
260 2659 408 2727 tenicam
433 2663 468 2728 et
492 2659 666 2727 metricam
693 2658 823 2748 poesim
861 2654 1063 2741 intercedat,
1099 2676 1243 2750 prorsus

134 2771 359 2852 obliviscitur.
388 2769 589 2864 Quanquam
618 2772 757 2843 minime
795 2774 930 2864 ignoro,
959 2793 1060 2865 quam
1092 2775 1137 2842 sit
1160 2773 1243 2845 utile

134 2910 191 2959 res
218 2887 347 2958 similes
371 2908 588 2980 comparere,
617 2889 822 2981 praesertim
848 2909 925 2956 eum
952 2889 1028 2981 ipse
1053 2885 1118 2956 hoe
1135 2889 1242 2959 inva-

135 3000 282 3093 stigandi
321 3001 586 3094 explicandique
613 3021 744 3092 genere
775 3003 857 3072 satis
884 3001 1027 3093 largiter
1052 3022 1137 3073 usus
1163 3004 1241 3073 sinn:

135 3115 210 3202 sed,
239 3136 328 3206 quae
361 3115 485 3185 similia
511 3117 591 3200 sint,
620 3119 715 3209 paria
741 3123 776 3186 et
813 3115 969 3209 aequalia
1007 3122 1146 3211 putare,
1180 3117 1244 3188 hee

135 3231 220 3302 nihil
246 3230 337 3302 aliud
365 3237 430 3314 est,
457 3232 523 3301 nisi
549 3251 672 3300 verum
699 3228 766 3301 sibi
792 3229 1029 3325 praecludere.

183 3343 276 3416 Nam
301 3367 378 3417 eum
403 3343 605 3428 Muellerus,
634 3342 788 3429 Flavius,
817 3345 874 3415 alii
900 3341 1127 3416 Germanicae
1152 3367 1244 3441 pee-

137 3462 185 3531 sis
212 3459 431 3532 similitudine
455 3459 593 3554 pellecti
619 3480 759 3530 versum
783 3456 979 3531 Romanum
997 3457 1157 3530 barbaria
1184 3462 1243 3531 iu-

136 3576 388 3668 quinavissent‚
426 3574 596 3646 horridum
630 3573 788 3667 quiddam
831 3581 931 3667 atque
964 3572 1050 3644 adeo
1088 3571 1244 3669 ἄμετρον,

136 3689 240 3783 qued,
268 3691 336 3761 nisi
362 3692 447 3760 ictus
474 3689 626 3778 dispositi
651 3698 784 3776 essent,
812 3710 857 3759 ne
881 3688 952 3777 legi
977 3686 1112 3780 quidem
1139 3709 1245 3760 eem-

137 3804 236 3875 mode
261 3813 392 3901 posset,
420 3804 570 3877 Saturnii
600 3807 699 3877 metri
733 3806 876 3875 nomine
913 3802 1047 3895 dignari
1082 3812 1246 3899 coeptum

139 3929 202 3992 est.
227 3918 304 3992 Non
329 3942 385 3992 me
410 3918 660 4014 quidemlugit‚
689 3918 778 3990 hune
802 3919 915 4012 ipsum
934 3937 1079 3987 versum
1104 3913 1246 3990 Horatio

138 4033 311 4111 horridum
337 4039 449 4109 visum
486 4058 579 4117 esse,
606 4033 799 4107 charisium
825 4053 910 4103 vere
948 4034 1089 4124 quinum
1113 4031 1246 4105 denum
