<?xml version="1.0" encoding="UTF-8"?>
<!DOCTYPE html PUBLIC "-//W3C//DTD XHTML 1.0 Transitional//EN"
    "http://www.w3.org/TR/xhtml1/DTD/xhtml1-transitional.dtd">
<html xmlns="http://www.w3.org/1999/xhtml" xml:lang="en" lang="en">
 <head>
  <title>
</title>
<meta http-equiv="Content-Type" content="text/html;charset=utf-8" />
  <meta name='ocr-system' content='tesseract 3.04.00' />
  <meta name='ocr-capabilities' content='ocr_page ocr_carea ocr_par ocr_line ocrx_word'/>
</head>
<body>
  <div class='ocr_page' id='page_1' title='image "./deversusaturnio00soldgoog_0018.png"; bbox 0 0 2746 4530; ppageno 0'>
   <div class='ocr_carea' id='block_1_1' title="bbox 703 260 726 334">
    <p class='ocr_par' dir='ltr' id='par_1_1' title="bbox 703 260 726 334">
     <span class='ocr_line' id='line_1_1' title="bbox 703 260 726 334; baseline 0 0"><span class='ocrx_word' id='word_1_1' title='bbox 703 260 726 334; x_wconf 81' lang='lat' dir='ltr'><strong>a</strong></span> 
     </span>
    </p>
   </div>
   <div class='ocr_carea' id='block_1_2' title="bbox 160 434 1271 571">
    <p class='ocr_par' dir='ltr' id='par_1_2' title="bbox 160 434 1271 571">
     <span class='ocr_line' id='line_1_2' title="bbox 160 434 1271 571; baseline 0.012 -35"><span class='ocrx_word' id='word_1_2' title='bbox 160 465 338 567; x_wconf 88' lang='lat' dir='ltr'><strong>doctorum</strong></span> <span class='ocrx_word' id='word_1_3' title='bbox 363 434 537 539; x_wconf 84' lang='lat' dir='ltr'><strong>hominum</strong></span> <span class='ocrx_word' id='word_1_4' title='bbox 563 467 626 539; x_wconf 86' lang='lat' dir='ltr'><strong>hoc</strong></span> <span class='ocrx_word' id='word_1_5' title='bbox 652 471 687 540; x_wconf 93' lang='lat' dir='ltr'><strong>in</strong></span> <span class='ocrx_word' id='word_1_6' title='bbox 712 493 845 563; x_wconf 87' lang='lat' dir='ltr'><strong>genere</strong></span> <span class='ocrx_word' id='word_1_7' title='bbox 871 474 1035 546; x_wconf 85' lang='lat' dir='ltr'><strong>collocata</strong></span> <span class='ocrx_word' id='word_1_8' title='bbox 1060 499 1181 571; x_wconf 90' lang='lat' dir='ltr'><strong>opera,</strong></span> <span class='ocrx_word' id='word_1_9' title='bbox 1199 486 1271 549; x_wconf 87' lang='lat' dir='ltr'><strong>tum</strong></span> 
     </span>
    </p>
   </div>
   <div class='ocr_carea' id='block_1_3' title="bbox 149 577 1272 4102">
    <p class='ocr_par' dir='ltr' id='par_1_3' title="bbox 157 577 1272 1134">
     <span class='ocr_line' id='line_1_3' title="bbox 158 577 1271 684; baseline 0.012 -35"><span class='ocrx_word' id='word_1_10' title='bbox 158 577 314 650; x_wconf 90' lang='lat' dir='ltr'><strong>Lerschii</strong></span> <span class='ocrx_word' id='word_1_11' title='bbox 339 588 374 651; x_wconf 88' lang='lat' dir='ltr'><strong>et</strong></span> <span class='ocrx_word' id='word_1_12' title='bbox 400 579 578 652; x_wconf 83' lang='lat' dir='ltr'><strong>Streuberi</strong></span> <span class='ocrx_word' id='word_1_13' title='bbox 603 587 657 677; x_wconf 88' lang='lat' dir='ltr'><strong>(p.</strong></span> <span class='ocrx_word' id='word_1_14' title='bbox 688 586 733 656; x_wconf 68' lang='lat'><strong>28</strong></span> <span class='ocrx_word' id='word_1_15' title='bbox 771 587 845 679; x_wconf 82' lang='lat' dir='ltr'><strong>sq.)</strong></span> <span class='ocrx_word' id='word_1_16' title='bbox 884 609 1041 675; x_wconf 82' lang='lat' dir='ltr'>acumen,</span> <span class='ocrx_word' id='word_1_17' title='bbox 1070 594 1141 682; x_wconf 91' lang='lat' dir='ltr'><strong>qui,</strong></span> <span class='ocrx_word' id='word_1_18' title='bbox 1170 610 1271 684; x_wconf 92' lang='lat' dir='ltr'><strong>quam</strong></span> 
     </span>
     <span class='ocr_line' id='line_1_4' title="bbox 158 688 1271 796; baseline 0.011 -33"><span class='ocrx_word' id='word_1_19' title='bbox 158 693 210 763; x_wconf 94' lang='lat' dir='ltr'><strong>illi</strong></span> <span class='ocrx_word' id='word_1_20' title='bbox 236 692 302 764; x_wconf 92' lang='lat' dir='ltr'>sibi</span> <span class='ocrx_word' id='word_1_21' title='bbox 329 693 599 766; x_wconf 71' lang='lat' dir='ltr'><strong>adversarentur</strong></span> <span class='ocrx_word' id='word_1_22' title='bbox 616 719 729 791; x_wconf 88' lang='lat' dir='ltr'><strong>neque</strong></span> <span class='ocrx_word' id='word_1_23' title='bbox 746 688 957 787; x_wconf 71' lang='lat' dir='ltr'><strong>constarent,</strong></span> <span class='ocrx_word' id='word_1_24' title='bbox 977 706 1105 796; x_wconf 87' lang='lat' dir='ltr'><strong>optimc</strong></span> <span class='ocrx_word' id='word_1_25' title='bbox 1123 704 1271 775; x_wconf 88' lang='lat' dir='ltr'><strong>demon-</strong></span> 
     </span>
     <span class='ocr_line' id='line_1_5' title="bbox 163 809 1271 911; baseline 0.008 -31"><span class='ocrx_word' id='word_1_26' title='bbox 163 817 373 898; x_wconf 77' lang='lat' dir='ltr'><strong>straverant,</strong></span> <span class='ocrx_word' id='word_1_27' title='bbox 413 819 448 880; x_wconf 89' lang='lat' dir='ltr'><strong>et</strong></span> <span class='ocrx_word' id='word_1_28' title='bbox 472 809 582 882; x_wconf 79' lang='lat' dir='ltr'><strong>Plavii</strong></span> <span class='ocrx_word' id='word_1_29' title='bbox 620 812 810 905; x_wconf 82' lang='lat' dir='ltr'><strong>diligentia,</strong></span> <span class='ocrx_word' id='word_1_30' title='bbox 851 817 921 907; x_wconf 92' lang='lat' dir='ltr'><strong>qui,</strong></span> <span class='ocrx_word' id='word_1_31' title='bbox 961 839 1189 911; x_wconf 87' lang='lat' dir='ltr'><strong>quaecunque</strong></span> <span class='ocrx_word' id='word_1_32' title='bbox 1227 818 1271 890; x_wconf 93' lang='lat' dir='ltr'><strong>de</strong></span> 
     </span>
     <span class='ocr_line' id='line_1_6' title="bbox 157 922 1272 1022; baseline 0.007 -29"><span class='ocrx_word' id='word_1_33' title='bbox 157 945 263 995; x_wconf 85' lang='lat' dir='ltr'><strong>versu</strong></span> <span class='ocrx_word' id='word_1_34' title='bbox 291 923 451 996; x_wconf 85' lang='lat' dir='ltr'><strong>Saturnio</strong></span> <span class='ocrx_word' id='word_1_35' title='bbox 477 922 520 995; x_wconf 88' lang='lat' dir='ltr'><strong>ab</strong></span> <span class='ocrx_word' id='word_1_36' title='bbox 547 927 695 1018; x_wconf 83' lang='lat' dir='ltr'><strong>antiquis</strong></span> <span class='ocrx_word' id='word_1_37' title='bbox 721 932 908 998; x_wconf 84' lang='lat' dir='ltr'><strong>memoriae</strong></span> <span class='ocrx_word' id='word_1_38' title='bbox 935 930 1069 1022; x_wconf 89' lang='lat' dir='ltr'><strong>prodita</strong></span> <span class='ocrx_word' id='word_1_39' title='bbox 1087 937 1178 1016; x_wconf 85' lang='lat' dir='ltr'><strong>sunt,</strong></span> <span class='ocrx_word' id='word_1_40' title='bbox 1198 931 1272 1001; x_wconf 62' lang='lat' dir='ltr'><strong>un·&#39;</strong></span> 
     </span>
     <span class='ocr_line' id='line_1_7' title="bbox 157 1036 1146 1134; baseline 0.007 -29"><span class='ocrx_word' id='word_1_41' title='bbox 157 1036 259 1129; x_wconf 89' lang='lat' dir='ltr'><strong>dique</strong></span> <span class='ocrx_word' id='word_1_42' title='bbox 284 1038 427 1110; x_wconf 86' lang='lat' dir='ltr'><strong>collecta</strong></span> <span class='ocrx_word' id='word_1_43' title='bbox 451 1044 694 1109; x_wconf 88' lang='lat' dir='ltr'><strong>commentario</strong></span> <span class='ocrx_word' id='word_1_44' title='bbox 714 1049 881 1134; x_wconf 86' lang='lat' dir='ltr'><strong>perpetuo</strong></span> <span class='ocrx_word' id='word_1_45' title='bbox 901 1041 1146 1113; x_wconf 89' lang='lat' dir='ltr'><strong>illustraverat.</strong></span> 
     </span>
    </p>

    <p class='ocr_par' dir='ltr' id='par_1_4' title="bbox 149 1150 1272 4102">
     <span class='ocr_line' id='line_1_8' title="bbox 211 1150 1269 1239; baseline 0 -15"><span class='ocrx_word' id='word_1_46' title='bbox 211 1150 307 1236; x_wconf 84' lang='lat' dir='ltr'><strong>Quae</strong></span> <span class='ocrx_word' id='word_1_47' title='bbox 321 1156 456 1224; x_wconf 84' lang='lat' dir='ltr'><strong>comita</strong></span> <span class='ocrx_word' id='word_1_48' title='bbox 471 1157 550 1238; x_wconf 91' lang='lat' dir='ltr'><strong>sint,</strong></span> <span class='ocrx_word' id='word_1_49' title='bbox 561 1153 755 1223; x_wconf 90' lang='lat' dir='ltr'><strong>mirandum</strong></span> <span class='ocrx_word' id='word_1_50' title='bbox 768 1176 835 1224; x_wconf 91' lang='lat' dir='ltr'><strong>non</strong></span> <span class='ocrx_word' id='word_1_51' title='bbox 851 1158 996 1239; x_wconf 87' lang='lat' dir='ltr'><strong>ast,eius</strong></span> <span class='ocrx_word' id='word_1_52' title='bbox 1010 1178 1136 1226; x_wconf 88' lang='lat' dir='ltr'><strong>versus</strong></span> <span class='ocrx_word' id='word_1_53' title='bbox 1150 1177 1269 1227; x_wconf 84' lang='lat' dir='ltr'><strong>exem·</strong></span> 
     </span>
     <span class='ocr_line' id='line_1_9' title="bbox 155 1244 1269 1365; baseline 0.003 -26"><span class='ocrx_word' id='word_1_54' title='bbox 155 1270 213 1365; x_wconf 89' lang='lat' dir='ltr'><strong>pla</strong></span> <span class='ocrx_word' id='word_1_55' title='bbox 231 1292 249 1340; x_wconf 97' lang='lat' dir='ltr'><strong>a</strong></span> <span class='ocrx_word' id='word_1_56' title='bbox 264 1271 499 1362; x_wconf 82' lang='lat' dir='ltr'><strong>grammaticis</strong></span> <span class='ocrx_word' id='word_1_57' title='bbox 513 1290 582 1338; x_wconf 93' lang='lat' dir='ltr'><strong>non</strong></span> <span class='ocrx_word' id='word_1_58' title='bbox 596 1271 730 1360; x_wconf 86' lang='lat' dir='ltr'><strong>integra</strong></span> <span class='ocrx_word' id='word_1_59' title='bbox 743 1244 950 1340; x_wconf 78' lang='lat' dir='ltr'><strong>codservata</strong></span> <span class='ocrx_word' id='word_1_60' title='bbox 968 1292 1062 1341; x_wconf 88' lang='lat' dir='ltr'><strong>esse.</strong></span> <span class='ocrx_word' id='word_1_61' title='bbox 1083 1269 1169 1340; x_wconf 92' lang='lat' dir='ltr'><strong>Nam</strong></span> <span class='ocrx_word' id='word_1_62' title='bbox 1189 1293 1269 1342; x_wconf 90' lang='lat' dir='ltr'><strong>mo-</strong></span> 
     </span>
     <span class='ocr_line' id='line_1_10' title="bbox 154 1381 1269 1480; baseline 0.001 -26"><span class='ocrx_word' id='word_1_63' title='bbox 154 1384 198 1455; x_wconf 92' lang='lat' dir='ltr'><strong>do</strong></span> <span class='ocrx_word' id='word_1_64' title='bbox 213 1405 336 1454; x_wconf 88' lang='lat' dir='ltr'><strong>vocem</strong></span> <span class='ocrx_word' id='word_1_65' title='bbox 348 1381 534 1466; x_wconf 83' lang='lat' dir='ltr'><strong>excidisse,</strong></span> <span class='ocrx_word' id='word_1_66' title='bbox 551 1382 653 1453; x_wconf 91' lang='lat' dir='ltr'><strong>modo</strong></span> <span class='ocrx_word' id='word_1_67' title='bbox 667 1382 852 1456; x_wconf 87' lang='lat' dir='ltr'><strong>verborum</strong></span> <span class='ocrx_word' id='word_1_68' title='bbox 866 1385 1018 1455; x_wconf 90' lang='lat' dir='ltr'><strong>ordinem</strong></span> <span class='ocrx_word' id='word_1_69' title='bbox 1033 1384 1269 1480; x_wconf 89' lang='lat' dir='ltr'><strong>perturbatum</strong></span> 
     </span>
     <span class='ocr_line' id='line_1_11' title="bbox 155 1495 1269 1595; baseline 0.001 -26"><span class='ocrx_word' id='word_1_70' title='bbox 155 1521 249 1583; x_wconf 88' lang='lat' dir='ltr'><strong>esse,</strong></span> <span class='ocrx_word' id='word_1_71' title='bbox 278 1496 378 1567; x_wconf 92' lang='lat' dir='ltr'><strong>modo</strong></span> <span class='ocrx_word' id='word_1_72' title='bbox 404 1495 580 1588; x_wconf 76' lang='lat' dir='ltr'><strong>glossema</strong></span> <span class='ocrx_word' id='word_1_73' title='bbox 607 1500 640 1566; x_wconf 88' lang='lat' dir='ltr'><strong>in</strong></span> <span class='ocrx_word' id='word_1_74' title='bbox 667 1519 804 1568; x_wconf 79' lang='lat' dir='ltr'><strong>uersum</strong></span> <span class='ocrx_word' id='word_1_75' title='bbox 833 1521 871 1569; x_wconf 91' lang='lat' dir='ltr'><strong>se</strong></span> <span class='ocrx_word' id='word_1_76' title='bbox 898 1501 1093 1570; x_wconf 89' lang='lat' dir='ltr'><strong>insinuasse</strong></span> <span class='ocrx_word' id='word_1_77' title='bbox 1125 1502 1269 1595; x_wconf 86' lang='lat' dir='ltr'><strong>perspi-</strong></span> 
     </span>
     <span class='ocr_line' id='line_1_12' title="bbox 153 1596 1270 1708; baseline 0.001 -25"><span class='ocrx_word' id='word_1_78' title='bbox 153 1634 254 1683; x_wconf 90' lang='lat' dir='ltr'><strong>cuum</strong></span> <span class='ocrx_word' id='word_1_79' title='bbox 289 1620 354 1683; x_wconf 89' lang='lat' dir='ltr'><strong>cst.</strong></span> <span class='ocrx_word' id='word_1_80' title='bbox 386 1611 470 1696; x_wconf 78' lang='lat' dir='ltr'><strong>Quid</strong></span> <span class='ocrx_word' id='word_1_81' title='bbox 496 1611 584 1703; x_wconf 95' lang='lat' dir='ltr'><strong>quod</strong></span> <span class='ocrx_word' id='word_1_82' title='bbox 612 1614 700 1681; x_wconf 93' lang='lat' dir='ltr'><strong>inter</strong></span> <span class='ocrx_word' id='word_1_83' title='bbox 725 1596 814 1683; x_wconf 75' lang='lat' dir='ltr'><strong>Liuii</strong></span> <span class='ocrx_word' id='word_1_84' title='bbox 832 1621 866 1683; x_wconf 93' lang='lat' dir='ltr'><strong>et</strong></span> <span class='ocrx_word' id='word_1_85' title='bbox 881 1612 1004 1685; x_wconf 89' lang='lat' dir='ltr'><strong>Naevii</strong></span> <span class='ocrx_word' id='word_1_86' title='bbox 1022 1637 1147 1685; x_wconf 91' lang='lat' dir='ltr'><strong>versus</strong></span> <span class='ocrx_word' id='word_1_87' title='bbox 1166 1622 1270 1708; x_wconf 83' lang='lat' dir='ltr'><strong>quat·-</strong></span> 
     </span>
     <span class='ocr_line' id='line_1_13' title="bbox 152 1725 1270 1818; baseline 0.002 -21"><span class='ocrx_word' id='word_1_88' title='bbox 152 1734 231 1797; x_wconf 91' lang='lat' dir='ltr'><strong>tuor</strong></span> <span class='ocrx_word' id='word_1_89' title='bbox 255 1725 476 1796; x_wconf 81' lang='lat' dir='ltr'><strong>hexametros</strong></span> <span class='ocrx_word' id='word_1_90' title='bbox 511 1725 694 1818; x_wconf 69' lang='lat' dir='ltr'><strong>dactylicos</strong></span> <span class='ocrx_word' id='word_1_91' title='bbox 722 1726 945 1797; x_wconf 82' lang='lat' dir='ltr'><strong>offendimus?</strong></span> <span class='ocrx_word' id='word_1_92' title='bbox 970 1727 1037 1798; x_wconf 91' lang='lat' dir='ltr'><strong>Sed</strong></span> <span class='ocrx_word' id='word_1_93' title='bbox 1069 1737 1182 1799; x_wconf 92' lang='lat' dir='ltr'><strong>tamen</strong></span> <span class='ocrx_word' id='word_1_94' title='bbox 1215 1729 1270 1798; x_wconf 90' lang='lat' dir='ltr'><strong>si-</strong></span> 
     </span>
     <span class='ocr_line' id='line_1_14' title="bbox 153 1840 1270 1950; baseline 0.001 -39"><span class='ocrx_word' id='word_1_95' title='bbox 153 1844 230 1934; x_wconf 89' lang='lat' dir='ltr'><strong>quis</strong></span> <span class='ocrx_word' id='word_1_96' title='bbox 257 1862 377 1950; x_wconf 83' lang='lat' dir='ltr'><strong>qmnes</strong></span> <span class='ocrx_word' id='word_1_97' title='bbox 409 1840 485 1910; x_wconf 90' lang='lat' dir='ltr'><strong>illas</strong></span> <span class='ocrx_word' id='word_1_98' title='bbox 511 1841 724 1935; x_wconf 85' lang='lat' dir='ltr'><strong>corruptelas</strong></span> <span class='ocrx_word' id='word_1_99' title='bbox 750 1844 980 1933; x_wconf 85' lang='lat' dir='ltr'><strong>grammaticis</strong></span> <span class='ocrx_word' id='word_1_100' title='bbox 1013 1845 1096 1936; x_wconf 87' lang='lat' dir='ltr'><strong>ipsis</strong></span> <span class='ocrx_word' id='word_1_101' title='bbox 1122 1842 1270 1915; x_wconf 90' lang='lat' dir='ltr'><strong>obiece-</strong></span> 
     </span>
     <span class='ocr_line' id='line_1_15' title="bbox 153 1956 1269 2050; baseline 0.001 -25"><span class='ocrx_word' id='word_1_102' title='bbox 153 1959 210 2041; x_wconf 86' lang='lat' dir='ltr'><strong>rit,</strong></span> <span class='ocrx_word' id='word_1_103' title='bbox 239 1978 324 2026; x_wconf 89' lang='lat' dir='ltr'><strong>sane</strong></span> <span class='ocrx_word' id='word_1_104' title='bbox 358 1958 473 2049; x_wconf 89' lang='lat' dir='ltr'><strong>inique</strong></span> <span class='ocrx_word' id='word_1_105' title='bbox 500 1958 618 2048; x_wconf 84' lang='lat' dir='ltr'><strong>egisse</strong></span> <span class='ocrx_word' id='word_1_106' title='bbox 656 1956 823 2028; x_wconf 91' lang='lat' dir='ltr'><strong>videatur.</strong></span> <span class='ocrx_word' id='word_1_107' title='bbox 859 1957 933 2049; x_wconf 84' lang='lat' dir='ltr'><strong>Ego</strong></span> <span class='ocrx_word' id='word_1_108' title='bbox 960 1958 1097 2050; x_wconf 88' lang='lat' dir='ltr'><strong>quidem</strong></span> <span class='ocrx_word' id='word_1_109' title='bbox 1135 1967 1269 2029; x_wconf 89' lang='lat' dir='ltr'><strong>certum</strong></span> 
     </span>
     <span class='ocr_line' id='line_1_16' title="bbox 156 2069 1270 2163; baseline 0.004 -24"><span class='ocrx_word' id='word_1_110' title='bbox 156 2069 282 2156; x_wconf 89' lang='lat' dir='ltr'><strong>habeo,</strong></span> <span class='ocrx_word' id='word_1_111' title='bbox 298 2071 446 2141; x_wconf 86' lang='lat' dir='ltr'><strong>lectores</strong></span> <span class='ocrx_word' id='word_1_112' title='bbox 461 2070 599 2155; x_wconf 81' lang='lat' dir='ltr'><strong>sciolos,</strong></span> <span class='ocrx_word' id='word_1_113' title='bbox 621 2073 678 2163; x_wconf 92' lang='lat' dir='ltr'><strong>qui</strong></span> <span class='ocrx_word' id='word_1_114' title='bbox 692 2071 733 2141; x_wconf 90' lang='lat' dir='ltr'><strong>de</strong></span> <span class='ocrx_word' id='word_1_115' title='bbox 747 2071 907 2143; x_wconf 87' lang='lat' dir='ltr'><strong>versibus</strong></span> <span class='ocrx_word' id='word_1_116' title='bbox 926 2072 1092 2143; x_wconf 90' lang='lat' dir='ltr'><strong>Saturniis</strong></span> <span class='ocrx_word' id='word_1_117' title='bbox 1106 2097 1150 2144; x_wconf 93' lang='lat' dir='ltr'><strong>ne</strong></span> <span class='ocrx_word' id='word_1_118' title='bbox 1168 2073 1270 2162; x_wconf 88' lang='lat' dir='ltr'><strong>lando</strong></span> 
     </span>
     <span class='ocr_line' id='line_1_17' title="bbox 156 2186 1270 2282; baseline -0.001 -24"><span class='ocrx_word' id='word_1_119' title='bbox 156 2186 292 2282; x_wconf 86' lang='lat' dir='ltr'><strong>quidem</strong></span> <span class='ocrx_word' id='word_1_120' title='bbox 328 2187 520 2271; x_wconf 85' lang='lat' dir='ltr'><strong>audissent,</strong></span> <span class='ocrx_word' id='word_1_121' title='bbox 559 2207 628 2255; x_wconf 94' lang='lat' dir='ltr'><strong>non</strong></span> <span class='ocrx_word' id='word_1_122' title='bbox 666 2208 774 2280; x_wconf 85' lang='lat' dir='ltr'><strong>pauca</strong></span> <span class='ocrx_word' id='word_1_123' title='bbox 812 2192 978 2272; x_wconf 76' lang='lat' dir='ltr'><strong>multasse,</strong></span> <span class='ocrx_word' id='word_1_124' title='bbox 1007 2187 1038 2256; x_wconf 95' lang='lat' dir='ltr'><strong>id</strong></span> <span class='ocrx_word' id='word_1_125' title='bbox 1065 2196 1120 2258; x_wconf 89' lang='lat' dir='ltr'><strong>cst</strong></span> <span class='ocrx_word' id='word_1_126' title='bbox 1143 2211 1270 2257; x_wconf 92' lang='lat' dir='ltr'><strong>corru-</strong></span> 
     </span>
     <span class='ocr_line' id='line_1_18' title="bbox 156 2296 1270 2397; baseline -0.001 -25"><span class='ocrx_word' id='word_1_127' title='bbox 156 2305 266 2397; x_wconf 89' lang='lat' dir='ltr'><strong>pisse,</strong></span> <span class='ocrx_word' id='word_1_128' title='bbox 295 2303 393 2392; x_wconf 92' lang='lat' dir='ltr'><strong>siqua</strong></span> <span class='ocrx_word' id='word_1_129' title='bbox 419 2296 506 2370; x_wconf 85' lang='lat' dir='ltr'><strong>forte</strong></span> <span class='ocrx_word' id='word_1_130' title='bbox 532 2301 643 2369; x_wconf 90' lang='lat' dir='ltr'><strong>minus</strong></span> <span class='ocrx_word' id='word_1_131' title='bbox 669 2307 763 2370; x_wconf 82' lang='lat' dir='ltr'><strong>reete</strong></span> <span class='ocrx_word' id='word_1_132' title='bbox 790 2321 828 2370; x_wconf 89' lang='lat' dir='ltr'><strong>se</strong></span> <span class='ocrx_word' id='word_1_133' title='bbox 855 2299 984 2371; x_wconf 89' lang='lat' dir='ltr'><strong>habere</strong></span> <span class='ocrx_word' id='word_1_134' title='bbox 1010 2298 1075 2371; x_wconf 92' lang='lat' dir='ltr'><strong>sibi</strong></span> <span class='ocrx_word' id='word_1_135' title='bbox 1098 2301 1270 2371; x_wconf 91' lang='lat' dir='ltr'><strong>videren-</strong></span> 
     </span>
     <span class='ocr_line' id='line_1_19' title="bbox 154 2411 1272 2506; baseline -0.002 -20"><span class='ocrx_word' id='word_1_136' title='bbox 154 2425 223 2487; x_wconf 91' lang='lat' dir='ltr'><strong>tur.</strong></span> <span class='ocrx_word' id='word_1_137' title='bbox 254 2413 330 2485; x_wconf 91' lang='lat' dir='ltr'><strong>Huc</strong></span> <span class='ocrx_word' id='word_1_138' title='bbox 357 2413 500 2498; x_wconf 87' lang='lat' dir='ltr'><strong>accedit,</strong></span> <span class='ocrx_word' id='word_1_139' title='bbox 529 2413 618 2505; x_wconf 92' lang='lat' dir='ltr'><strong>quod</strong></span> <span class='ocrx_word' id='word_1_140' title='bbox 645 2421 680 2483; x_wconf 92' lang='lat' dir='ltr'><strong>et</strong></span> <span class='ocrx_word' id='word_1_141' title='bbox 703 2411 847 2484; x_wconf 89' lang='lat' dir='ltr'><strong>Liviana</strong></span> <span class='ocrx_word' id='word_1_142' title='bbox 881 2421 915 2484; x_wconf 90' lang='lat' dir='ltr'><strong>et</strong></span> <span class='ocrx_word' id='word_1_143' title='bbox 945 2411 1125 2484; x_wconf 84' lang='lat' dir='ltr'><strong>Naeviana</strong></span> <span class='ocrx_word' id='word_1_144' title='bbox 1157 2435 1272 2506; x_wconf 91' lang='lat' dir='ltr'><strong>quae·</strong></span> 
     </span>
     <span class='ocr_line' id='line_1_20' title="bbox 156 2514 1270 2622; baseline -0.001 -24"><span class='ocrx_word' id='word_1_145' title='bbox 156 2550 290 2622; x_wconf 92' lang='lat' dir='ltr'><strong>cunque</strong></span> <span class='ocrx_word' id='word_1_146' title='bbox 317 2514 408 2599; x_wconf 82' lang='lat' dir='ltr'><strong>nunc</strong></span> <span class='ocrx_word' id='word_1_147' title='bbox 435 2534 587 2613; x_wconf 86' lang='lat' dir='ltr'><strong>exstant,</strong></span> <span class='ocrx_word' id='word_1_148' title='bbox 616 2549 683 2597; x_wconf 90' lang='lat' dir='ltr'><strong>non</strong></span> <span class='ocrx_word' id='word_1_149' title='bbox 711 2526 753 2597; x_wconf 92' lang='lat' dir='ltr'><strong>ab</strong></span> <span class='ocrx_word' id='word_1_150' title='bbox 781 2530 836 2613; x_wconf 89' lang='lat' dir='ltr'><strong>iis,</strong></span> <span class='ocrx_word' id='word_1_151' title='bbox 867 2530 924 2621; x_wconf 91' lang='lat' dir='ltr'><strong>qui</strong></span> <span class='ocrx_word' id='word_1_152' title='bbox 950 2527 992 2597; x_wconf 91' lang='lat' dir='ltr'><strong>de</strong></span> <span class='ocrx_word' id='word_1_153' title='bbox 1019 2549 1126 2597; x_wconf 90' lang='lat' dir='ltr'><strong>versu</strong></span> <span class='ocrx_word' id='word_1_154' title='bbox 1145 2527 1270 2597; x_wconf 90' lang='lat' dir='ltr'><strong>Satur-</strong></span> 
     </span>
     <span class='ocr_line' id='line_1_21' title="bbox 153 2642 1270 2738; baseline -0.002 -24"><span class='ocrx_word' id='word_1_155' title='bbox 153 2645 212 2714; x_wconf 92' lang='lat' dir='ltr'><strong>nio</strong></span> <span class='ocrx_word' id='word_1_156' title='bbox 240 2646 463 2738; x_wconf 87' lang='lat' dir='ltr'><strong>scripserunt,</strong></span> <span class='ocrx_word' id='word_1_157' title='bbox 511 2642 571 2712; x_wconf 93' lang='lat' dir='ltr'><strong>sed</strong></span> <span class='ocrx_word' id='word_1_158' title='bbox 611 2642 811 2737; x_wconf 85' lang='lat' dir='ltr'><strong>plerumque</strong></span> <span class='ocrx_word' id='word_1_159' title='bbox 850 2665 869 2712; x_wconf 92' lang='lat' dir='ltr'><strong>a</strong></span> <span class='ocrx_word' id='word_1_160' title='bbox 908 2645 1140 2734; x_wconf 79' lang='lat' dir='ltr'><strong>grammaticis</strong></span> <span class='ocrx_word' id='word_1_161' title='bbox 1179 2663 1270 2712; x_wconf 90' lang='lat' dir='ltr'><strong>con-·</strong></span> 
     </span>
     <span class='ocr_line' id='line_1_22' title="bbox 154 2755 1269 2850; baseline -0.004 -20"><span class='ocrx_word' id='word_1_162' title='bbox 154 2766 295 2830; x_wconf 87' lang='lat' dir='ltr'><strong>servata</strong></span> <span class='ocrx_word' id='word_1_163' title='bbox 330 2765 421 2843; x_wconf 92' lang='lat' dir='ltr'><strong>sunt,</strong></span> <span class='ocrx_word' id='word_1_164' title='bbox 462 2759 519 2849; x_wconf 95' lang='lat' dir='ltr'><strong>qui</strong></span> <span class='ocrx_word' id='word_1_165' title='bbox 544 2755 788 2827; x_wconf 86' lang='lat' dir='ltr'><strong>vocabulorum</strong></span> <span class='ocrx_word' id='word_1_166' title='bbox 815 2765 872 2826; x_wconf 93' lang='lat' dir='ltr'><strong>aut</strong></span> <span class='ocrx_word' id='word_1_167' title='bbox 903 2757 1165 2827; x_wconf 89' lang='lat' dir='ltr'><strong>declinationum</strong></span> <span class='ocrx_word' id='word_1_168' title='bbox 1191 2758 1269 2850; x_wconf 89' lang='lat' dir='ltr'><strong>pri-</strong></span> 
     </span>
     <span class='ocr_line' id='line_1_23' title="bbox 154 2868 1269 2954; baseline -0.004 -11"><span class='ocrx_word' id='word_1_169' title='bbox 154 2895 309 2954; x_wconf 85' lang='lat' dir='ltr'><strong>scarum,</strong></span> <span class='ocrx_word' id='word_1_170' title='bbox 358 2893 427 2942; x_wconf 91' lang='lat' dir='ltr'><strong>non</strong></span> <span class='ocrx_word' id='word_1_171' title='bbox 473 2873 576 2942; x_wconf 88' lang='lat' dir='ltr'><strong>metri</strong></span> <span class='ocrx_word' id='word_1_172' title='bbox 621 2892 725 2940; x_wconf 88' lang='lat' dir='ltr'><strong>causa</strong></span> <span class='ocrx_word' id='word_1_173' title='bbox 764 2892 806 2940; x_wconf 89' lang='lat' dir='ltr'><strong>ea</strong></span> <span class='ocrx_word' id='word_1_174' title='bbox 854 2870 1068 2941; x_wconf 87' lang='lat' dir='ltr'><strong>rettulerunt.</strong></span> <span class='ocrx_word' id='word_1_175' title='bbox 1116 2868 1269 2954; x_wconf 84' lang='lat' dir='ltr'><strong>Quorum</strong></span> 
     </span>
     <span class='ocr_line' id='line_1_24' title="bbox 154 2983 1270 3080; baseline -0.002 -22"><span class='ocrx_word' id='word_1_176' title='bbox 154 2987 354 3059; x_wconf 88' lang='lat' dir='ltr'><strong>Priscianus</strong></span> <span class='ocrx_word' id='word_1_177' title='bbox 382 2986 485 3079; x_wconf 89' lang='lat' dir='ltr'><strong>longe</strong></span> <span class='ocrx_word' id='word_1_178' title='bbox 511 2986 656 3080; x_wconf 91' lang='lat' dir='ltr'><strong>plurima</strong></span> <span class='ocrx_word' id='word_1_179' title='bbox 682 2983 874 3077; x_wconf 88' lang='lat' dir='ltr'><strong>fragmenta</strong></span> <span class='ocrx_word' id='word_1_180' title='bbox 907 2987 1096 3072; x_wconf 87' lang='lat' dir='ltr'><strong>adnotavit,</strong></span> <span class='ocrx_word' id='word_1_181' title='bbox 1138 3007 1270 3056; x_wconf 89' lang='lat' dir='ltr'><strong>secun-</strong></span> 
     </span>
     <span class='ocr_line' id='line_1_25' title="bbox 152 3095 1270 3190; baseline 0 -20"><span class='ocrx_word' id='word_1_182' title='bbox 152 3099 233 3170; x_wconf 87' lang='lat' dir='ltr'><strong>dum</strong></span> <span class='ocrx_word' id='word_1_183' title='bbox 260 3122 339 3171; x_wconf 95' lang='lat' dir='ltr'><strong>eum</strong></span> <span class='ocrx_word' id='word_1_184' title='bbox 366 3100 668 3190; x_wconf 86' lang='lat' dir='ltr'><strong>Nonius,deinde</strong></span> <span class='ocrx_word' id='word_1_185' title='bbox 700 3099 839 3185; x_wconf 83' lang='lat' dir='ltr'><strong>Festus,</strong></span> <span class='ocrx_word' id='word_1_186' title='bbox 876 3109 946 3170; x_wconf 89' lang='lat' dir='ltr'><strong>lum</strong></span> <span class='ocrx_word' id='word_1_187' title='bbox 981 3099 1128 3187; x_wconf 90' lang='lat' dir='ltr'><strong>Gellius,</strong></span> <span class='ocrx_word' id='word_1_188' title='bbox 1162 3095 1270 3170; x_wconf 89' lang='lat' dir='ltr'><strong>ceteri</strong></span> 
     </span>
     <span class='ocr_line' id='line_1_26' title="bbox 152 3213 1269 3310; baseline -0.004 -23"><span class='ocrx_word' id='word_1_189' title='bbox 152 3237 223 3288; x_wconf 90' lang='lat' dir='ltr'><strong>non</strong></span> <span class='ocrx_word' id='word_1_190' title='bbox 249 3216 395 3310; x_wconf 88' lang='lat' dir='ltr'><strong>amplius</strong></span> <span class='ocrx_word' id='word_1_191' title='bbox 419 3224 528 3286; x_wconf 87' lang='lat' dir='ltr'><strong>terna.</strong></span> <span class='ocrx_word' id='word_1_192' title='bbox 552 3214 651 3300; x_wconf 87' lang='lat' dir='ltr'><strong>Sunt,</strong></span> <span class='ocrx_word' id='word_1_193' title='bbox 672 3237 759 3308; x_wconf 89' lang='lat' dir='ltr'><strong>quae</strong></span> <span class='ocrx_word' id='word_1_194' title='bbox 779 3214 822 3288; x_wconf 87' lang='lat' dir='ltr'><strong>alr</strong></span> <span class='ocrx_word' id='word_1_195' title='bbox 840 3214 1066 3310; x_wconf 73' lang='lat' dir='ltr'><strong>interpretibus</strong></span> <span class='ocrx_word' id='word_1_196' title='bbox 1085 3213 1269 3284; x_wconf 74' lang='lat' dir='ltr'><strong>illustran-</strong></span> 
     </span>
     <span class='ocr_line' id='line_1_27' title="bbox 152 3328 1269 3424; baseline -0.003 -24"><span class='ocrx_word' id='word_1_197' title='bbox 152 3329 189 3400; x_wconf 92' lang='lat' dir='ltr'><strong>di</strong></span> <span class='ocrx_word' id='word_1_198' title='bbox 217 3336 251 3399; x_wconf 88' lang='lat' dir='ltr'><strong>at</strong></span> <span class='ocrx_word' id='word_1_199' title='bbox 280 3328 500 3424; x_wconf 84' lang='lat' dir='ltr'><strong>comparandi</strong></span> <span class='ocrx_word' id='word_1_200' title='bbox 525 3333 636 3422; x_wconf 88' lang='lat' dir='ltr'><strong>gratia</strong></span> <span class='ocrx_word' id='word_1_201' title='bbox 663 3329 765 3399; x_wconf 89' lang='lat' dir='ltr'><strong>allata</strong></span> <span class='ocrx_word' id='word_1_202' title='bbox 791 3331 872 3416; x_wconf 91' lang='lat' dir='ltr'><strong>sint,</strong></span> <span class='ocrx_word' id='word_1_203' title='bbox 901 3329 967 3398; x_wconf 90' lang='lat' dir='ltr'><strong>alia</strong></span> <span class='ocrx_word' id='word_1_204' title='bbox 994 3329 1185 3420; x_wconf 90' lang='lat' dir='ltr'><strong>argumenti</strong></span> <span class='ocrx_word' id='word_1_205' title='bbox 1211 3335 1269 3397; x_wconf 93' lang='lat' dir='ltr'><strong>aut</strong></span> 
     </span>
     <span class='ocr_line' id='line_1_28' title="bbox 149 3439 1267 3516; baseline -0.004 0"><span class='ocrx_word' id='word_1_206' title='bbox 149 3447 338 3516; x_wconf 88' lang='lat' dir='ltr'><strong>testimonii</strong></span> <span class='ocrx_word' id='word_1_207' title='bbox 364 3445 451 3516; x_wconf 92' lang='lat' dir='ltr'><strong>loco.</strong></span> <span class='ocrx_word' id='word_1_208' title='bbox 480 3443 667 3515; x_wconf 88' lang='lat' dir='ltr'><strong>Praeterea</strong></span> <span class='ocrx_word' id='word_1_209' title='bbox 694 3452 773 3514; x_wconf 92' lang='lat' dir='ltr'><strong>sunt</strong></span> <span class='ocrx_word' id='word_1_210' title='bbox 802 3445 867 3512; x_wconf 91' lang='lat' dir='ltr'><strong>tria</strong></span> <span class='ocrx_word' id='word_1_211' title='bbox 901 3442 988 3513; x_wconf 93' lang='lat' dir='ltr'><strong>Belli</strong></span> <span class='ocrx_word' id='word_1_212' title='bbox 1021 3443 1135 3512; x_wconf 88' lang='lat' dir='ltr'><strong>Punici</strong></span> <span class='ocrx_word' id='word_1_213' title='bbox 1167 3439 1267 3512; x_wconf 85' lang='lat' dir='ltr'><strong>Nae-</strong></span> 
     </span>
     <span class='ocr_line' id='line_1_29' title="bbox 153 3556 1267 3651; baseline -0.004 -21"><span class='ocrx_word' id='word_1_214' title='bbox 153 3563 250 3631; x_wconf 89' lang='lat' dir='ltr'><strong>vioni</strong></span> <span class='ocrx_word' id='word_1_215' title='bbox 277 3557 484 3650; x_wconf 88' lang='lat' dir='ltr'><strong>fragmenta,</strong></span> <span class='ocrx_word' id='word_1_216' title='bbox 513 3579 601 3651; x_wconf 88' lang='lat' dir='ltr'><strong>quae</strong></span> <span class='ocrx_word' id='word_1_217' title='bbox 625 3579 693 3628; x_wconf 92' lang='lat' dir='ltr'><strong>non</strong></span> <span class='ocrx_word' id='word_1_218' title='bbox 720 3556 789 3626; x_wconf 85' lang='lat' dir='ltr'><strong>levi</strong></span> <span class='ocrx_word' id='word_1_219' title='bbox 817 3556 947 3626; x_wconf 83' lang='lat' dir='ltr'><strong>fraudis</strong></span> <span class='ocrx_word' id='word_1_220' title='bbox 973 3557 1163 3649; x_wconf 89' lang='lat' dir='ltr'><strong>suspitione</strong></span> <span class='ocrx_word' id='word_1_221' title='bbox 1196 3575 1267 3625; x_wconf 91' lang='lat' dir='ltr'><strong>no-</strong></span> 
     </span>
     <span class='ocr_line' id='line_1_30' title="bbox 150 3665 1266 3766; baseline -0.008 -21"><span class='ocrx_word' id='word_1_222' title='bbox 150 3682 223 3747; x_wconf 88' lang='lat' dir='ltr'><strong>tata</strong></span> <span class='ocrx_word' id='word_1_223' title='bbox 250 3682 330 3744; x_wconf 92' lang='lat' dir='ltr'><strong>sunt</strong></span> <span class='ocrx_word' id='word_1_224' title='bbox 353 3673 456 3766; x_wconf 90' lang='lat' dir='ltr'><strong>idque</strong></span> <span class='ocrx_word' id='word_1_225' title='bbox 483 3694 551 3743; x_wconf 91' lang='lat' dir='ltr'><strong>non</strong></span> <span class='ocrx_word' id='word_1_226' title='bbox 577 3680 718 3743; x_wconf 87' lang='lat' dir='ltr'><strong>temere.</strong></span> <span class='ocrx_word' id='word_1_227' title='bbox 744 3668 919 3762; x_wconf 77' lang='lat' dir='ltr'><strong>leguntur</strong></span> <span class='ocrx_word' id='word_1_228' title='bbox 945 3671 1035 3739; x_wconf 92' lang='lat' dir='ltr'><strong>enim</strong></span> <span class='ocrx_word' id='word_1_229' title='bbox 1061 3669 1096 3737; x_wconf 95' lang='lat' dir='ltr'><strong>in</strong></span> <span class='ocrx_word' id='word_1_230' title='bbox 1115 3665 1266 3762; x_wconf 74' lang='lat' dir='ltr'><strong>Calpur-</strong></span> 
     </span>
     <span class='ocr_line' id='line_1_31' title="bbox 150 3780 1267 3879; baseline -0.009 -18"><span class='ocrx_word' id='word_1_231' title='bbox 150 3791 200 3861; x_wconf 91' lang='lat' dir='ltr'><strong>nii</strong></span> <span class='ocrx_word' id='word_1_232' title='bbox 228 3788 363 3860; x_wconf 83' lang='lat' dir='ltr'><strong>l’isonis</strong></span> <span class='ocrx_word' id='word_1_233' title='bbox 389 3787 478 3858; x_wconf 89' lang='lat' dir='ltr'><strong>libro</strong></span> <span class='ocrx_word' id='word_1_234' title='bbox 511 3786 656 3879; x_wconf 91' lang='lat' dir='ltr'><strong>quodam</strong></span> <span class='ocrx_word' id='word_1_235' title='bbox 683 3786 726 3855; x_wconf 87' lang='lat' dir='ltr'><strong>de</strong></span> <span class='ocrx_word' id='word_1_236' title='bbox 751 3783 966 3856; x_wconf 83' lang='lat' dir='ltr'><strong>Continentia</strong></span> <span class='ocrx_word' id='word_1_237' title='bbox 992 3782 1188 3867; x_wconf 87' lang='lat' dir='ltr'><strong>Poetamm,</strong></span> <span class='ocrx_word' id='word_1_238' title='bbox 1208 3780 1267 3874; x_wconf 88' lang='lat' dir='ltr'><strong>qui</strong></span> 
     </span>
     <span class='ocr_line' id='line_1_32' title="bbox 153 3895 1268 3997; baseline -0.009 -23"><span class='ocrx_word' id='word_1_239' title='bbox 153 3901 247 3974; x_wconf 88' lang='lat' dir='ltr'><strong>liber</strong></span> <span class='ocrx_word' id='word_1_240' title='bbox 271 3910 410 3997; x_wconf 90' lang='lat' dir='ltr'><strong>praeter</strong></span> <span class='ocrx_word' id='word_1_241' title='bbox 436 3901 578 3973; x_wconf 89' lang='lat' dir='ltr'><strong>Paulum</strong></span> <span class='ocrx_word' id='word_1_242' title='bbox 603 3896 785 3989; x_wconf 83' lang='lat' dir='ltr'><strong>Merulam,</strong></span> <span class='ocrx_word' id='word_1_243' title='bbox 813 3899 948 3970; x_wconf 89' lang='lat' dir='ltr'><strong>doctum</strong></span> <span class='ocrx_word' id='word_1_244' title='bbox 980 3897 1117 3994; x_wconf 87' lang='lat' dir='ltr'><strong>quidam</strong></span> <span class='ocrx_word' id='word_1_245' title='bbox 1148 3895 1268 3966; x_wconf 64' lang='lat' dir='ltr'><strong>homi-⁶</strong></span> 
     </span>
     <span class='ocr_line' id='line_1_33' title="bbox 150 4010 1267 4102; baseline -0.008 -13"><span class='ocrx_word' id='word_1_246' title='bbox 150 4036 248 4102; x_wconf 77' lang='lat' dir='ltr'><strong>nem,</strong></span> <span class='ocrx_word' id='word_1_247' title='bbox 277 4016 339 4088; x_wconf 84' lang='lat' dir='ltr'><strong>aad</strong></span> <span class='ocrx_word' id='word_1_248' title='bbox 366 4013 489 4086; x_wconf 88' lang='lat' dir='ltr'><strong>dubiae</strong></span> <span class='ocrx_word' id='word_1_249' title='bbox 507 4011 687 4084; x_wconf 87' lang='lat' dir='ltr'><strong>admodum</strong></span> <span class='ocrx_word' id='word_1_250' title='bbox 705 4010 801 4100; x_wconf 76' lang='lat' dir='ltr'><strong>iudei,</strong></span> <span class='ocrx_word' id='word_1_251' title='bbox 820 4015 950 4083; x_wconf 90' lang='lat' dir='ltr'><strong>nemini</strong></span> <span class='ocrx_word' id='word_1_252' title='bbox 972 4012 1106 4082; x_wconf 93' lang='lat' dir='ltr'><strong>mortali</strong></span> <span class='ocrx_word' id='word_1_253' title='bbox 1126 4013 1159 4081; x_wconf 95' lang='lat' dir='ltr'><strong>in</strong></span> <span class='ocrx_word' id='word_1_254' title='bbox 1176 4030 1267 4081; x_wconf 89' lang='lat' dir='ltr'><strong>con·</strong></span> 
     </span>
    </p>
   </div>
   <div class='ocr_carea' id='block_1_4' title="bbox 0 0 1378 4530">
    <p class='ocr_par' dir='ltr' id='par_1_5' title="bbox 0 0 1378 4530">
     <span class='ocr_line' id='line_1_34' title="bbox 0 0 1378 4530; baseline 0 2"><span class='ocrx_word' id='word_1_255' title='bbox 0 0 1378 4530; x_wconf 95' lang='lat' dir='ltr'><strong> </strong></span> 
     </span>
    </p>
   </div>
  </div>
 </body>
</html>
