2746 4530
656 308 702 382 'ih

124 519 186 590 sed
212 519 397 591 diaeresim
425 528 501 615 post
526 521 711 593 secundum
747 525 852 594 ersim
885 529 988 596 etium
1019 525 1073 596 hic
1106 524 1235 596 ohser-

123 637 211 705 vari.
238 632 347 719 Quom
373 633 418 705 oh
443 656 516 705 rem
540 656 681 722 vereor,
711 645 746 706 ut
771 635 838 708 hdo
866 636 990 732 diguus
1016 642 1061 710 sit
1093 662 1234 726 versus,

124 751 160 818 in
186 771 253 842 quo
278 770 392 841 neque
416 749 562 821 thesium
587 755 757 848 correptio
789 774 904 847 neque
937 753 1106 826 diaeresis
1140 756 1235 849 legi-

123 865 204 932 tima
231 862 396 933 custodita
421 865 478 950 sit,
506 873 543 934 ut
568 866 603 936 in
628 865 692 936 hoc
719 864 913 939 Naeviuno:

198 1016 315 1089 Deum
339 1020 434 1110 regis
459 1017 599 1091 frutrem
673 1017 872 1116 Neptunum
899 1030 1131 1117 regnatorem,

125 1171 329 1261 praesertim
353 1190 431 1238 cum
457 1172 513 1263 qui
539 1170 716 1264 praecedit

199 1317 316 1389 Senex
342 1317 450 1390 fretus
476 1323 603 1415 pietate
674 1320 776 1391 deum
802 1321 977 1393 adlocutus
1004 1324 1139 1413 summi,

128 1472 166 1540 iu
193 1471 268 1563 ipso
294 1471 436 1541 alterius
461 1453 668 1543 hemistichii
695 1473 795 1543 initio
822 1480 856 1543 et
886 1474 1037 1567 syninesi
1062 1481 1096 1543 et
1113 1473 1238 1545 elisio-

128 1610 171 1659 ne
199 1587 355 1661 eiusdem
379 1592 478 1663 vocis
504 1592 612 1685 turpis
638 1587 747 1661 factus
774 1592 818 1663 sit
843 1589 944 1683 idque
969 1589 1131 1684 neglectu
1149 1615 1239 1684 gra-

127 1704 273 1777 vissimo
299 1703 462 1776 diaeresi.
493 1702 614 1799 Neque
639 1704 710 1777 ulle
736 1703 941 1778 emendandi
968 1707 1024 1776 viu
1050 1705 1132 1775 mihi
1157 1713 1239 1779 notu

128 1821 193 1901 est,
223 1819 290 1889 nisi
315 1815 403 1889 forte
428 1819 579 1891 verbum
604 1819 745 1891 addetur
769 1818 833 1890 hoc
859 1819 972 1890 modo:

206 1965 324 2040 Senex
350 1965 458 2041 fretus
485 1973 612 2065 pietate
687 1969 800 2040 divom
826 1968 1001 2039 adlocutus

203 2065 334 2157 (iovis)
362 2071 485 2140 summi
510 2067 610 2139 deum
687 2068 782 2158 regis
808 2061 946 2137 fratrem
973 2063 1180 2160 Neptunum,

203 2162 436 2260 Regnatorem
463 2186 605 2235 morum.

131 2312 294 2386 Getenrm
321 2315 438 2385 divom
464 2316 492 2386 si
518 2314 627 2406 leges,
661 2313 798 2384 tolletur
835 2316 931 2382 vocis
957 2312 1057 2382 deum
1095 2313 1239 2384 moleste

129 2433 298 2524 repetitio.
327 2429 448 2501 Hiatus
476 2438 588 2500 nutem
615 2427 678 2499 hoc
716 2431 751 2498 iu
790 2426 900 2498 verbo
937 2448 1007 2498 non
1040 2430 1149 2497 muior
1187 2432 1242 2498 est

133 2544 291 2631 offensio,
320 2566 421 2640 quam
448 2547 481 2614 iu
508 2544 566 2614 illo

511 2694 673 2762 Duonoro
698 2698 849 2786 optumo,

131 2847 164 2915 in
191 2866 258 2938 quo
285 2867 316 2913 m
343 2846 441 2916 litera
466 2865 511 2915 oe
538 2845 663 2938 scripte
689 2842 826 2936 quidem
851 2848 916 2911 est.
944 2838 1031 2910 Num
1059 2841 1135 2909 sine
1160 2836 1242 2908 hie-

129 2965 163 3029 tu
191 2958 253 3030 hoo
279 2959 349 3053 legi
374 2981 496 3056 posse,
524 2967 561 3028 ut
586 2959 721 3029 stlitem
741 2956 873 3027 vocalis
892 2953 1005 3038 heret,
1027 2975 1047 3022 o
1066 2951 1241 3049 produce-

133 3083 241 3164 retur,
268 3076 474 3171 Spengelius
503 3100 534 3168 p.
565 3075 609 3147 87
649 3072 729 3143 mihi
766 3093 835 3143 non
877 3071 1058 3164 persuasit.
1100 3067 1243 3139 Morum

130 3199 242 3262 utrum
268 3215 344 3262 cum
371 3192 516 3263 elisione
550 3211 592 3260 on
618 3192 790 3280 integrum
817 3184 999 3280 putandum
1027 3187 1083 3269 sit,
1122 3187 1243 3256 incer·

131 3312 202 3376 tum
227 3314 291 3390 est,
318 3309 478 3399 quoniam
505 3327 630 3376 versus
656 3303 720 3378 hoc
745 3322 858 3394 genus
897 3303 999 3371 etiem
1031 3299 1131 3370 hinos
1163 3301 1245 3393 poni

131 3417 213 3492 eh.
241 3419 410 3514 Scipionis
435 3418 473 3490 L.
499 3425 522 3491 i.
552 3420 666 3512 elogio
692 3424 846 3513 apparet.

181 3536 299 3605 Primo
327 3542 440 3605 autem
459 3533 603 3629 syllaba,
623 3555 711 3627 quoe
730 3554 749 3602 e
768 3533 883 3627 priore
905 3528 1117 3601 hemishictio
1138 3526 1245 3599 evul-

131 3671 170 3720 sa
198 3659 261 3737 est,
304 3673 379 3720 cum
407 3649 448 3721 ad
473 3653 646 3747 posterius
683 3646 932 3718 hemistichium
962 3652 1121 3738 tunquam
1155 3665 1248 3715 ann-

133 3769 245 3836 orusis
273 3770 472 3852 accesserit,
500 3786 545 3836 ne
572 3765 738 3850 solvetur,
767 3759 849 3831 nihii
867 3760 1017 3854 impedit.
1037 3757 1157 3853 ltnque
1181 3780 1246 3830 so-

132 3881 236 3951 lutam
265 3903 340 3951 eom
367 3880 515 3953 vidimus
541 3880 575 3950 io
601 3866 780 3950 Naeviuno

239 4064 342 4137 Ohiiti
369 4073 449 4137 eunt
470 4063 602 4137 Romae
669 4063 804 4156 ltquier
830 4062 947 4154 tingue
971 4059 1088 4131 letina.
