2746 4530
648 309 693 384 db

129 507 220 598 llam
245 545 358 617 neque
400 527 512 618 prima
549 525 749 618 posterioris
786 521 910 595 dimidii
948 523 1053 596 thesis
1093 527 1236 598 solvitur

130 650 187 712 aut
211 649 290 736 post
326 641 619 735 praepositionem
657 639 778 732 λεῖμμα
815 661 1018 712 concessum
1042 650 1096 712 cst
1118 663 1234 735 noque

45 752 54 763 '
128 764 206 850 post
232 755 352 850 pedem
378 754 524 825 solutum
551 752 673 826 hiatur.
699 754 883 826 Praeterea
923 755 1058 828 abono
1096 765 1235 830 auctore

128 869 239 943 Gellio
265 878 424 942 servatus
450 877 505 939 est
530 867 583 940 hic
610 872 700 940 Livii
725 892 864 942 versus:

177 1034 381 1130 ibidemque
406 1024 461 1106 vir
487 1057 641 1107 summus
749 1037 920 1134 adprimus
946 1038 1135 1127 Patroclus,

129 1211 162 1278 in
189 1188 496 1299 quo‘Potrtcolea,
526 1205 615 1299 quod
640 1205 812 1296 Berglrius
838 1211 1025 1302 proposuit,
1054 1209 1157 1279 scribi
1172 1229 1235 1280 sa-

126 1343 172 1394 nc
199 1329 322 1416 potest,
342 1320 402 1393 sed
420 1320 605 1408 debeatne,
623 1326 811 1416 quaeritur.
833 1322 1015 1394 Positionis
1033 1331 1145 1394 autom
1171 1322 1234 1393 boc

127 1459 238 1527 genus
264 1437 354 1533 apud
381 1439 632 1529 antiquissimos
656 1421 793 1508 nuncu
826 1438 998 1531 plerisque
1037 1444 1232 1532 propterea,

126 1555 260 1647 opinor,
287 1574 356 1622 non
383 1555 592 1644 agnoscitur,
621 1551 710 1645 quod
747 1543 815 1625 una
853 1576 934 1627 cum
973 1552 1234 1646 diligentissima

128 1665 337 1738 Graecorum
363 1668 551 1737 imitatione
577 1668 612 1738 in
642 1665 877 1737 Romanorum
897 1689 1023 1738 versus
1049 1670 1230 1737 invaserit.

126 1779 245 1874 Neque
271 1785 418 1853 veroin
445 1785 682 1853 scaenicorum
708 1803 747 1851 re
774 1785 915 1852 metrica
939 1803 1050 1875 usque
1076 1780 1118 1851 ad
1144 1802 1233 1874 sup-

125 1919 222 1970 rema
247 1901 297 1968 rei
323 1896 480 1992 publicae
505 1903 657 1990 tempora
684 1897 831 1966 inveniri
855 1876 987 1966 dicitur.
1017 1897 1066 1967 At
1082 1898 1116 1964 in
1134 1892 1233 1964 Ara-

126 2010 224 2098 bum,
253 2012 453 2097 Rersarum,
481 2010 641 2085 Indorum
667 2015 807 2104 antiquo
832 2033 991 2084 sermone
1008 2009 1131 2085 debilis
1146 2031 1235 2103 quac

126 2123 247 2196 dicitur
272 2129 396 2220 positio
421 2125 563 2198 vocales
588 2147 655 2197 non
682 2129 797 2196 minus
823 2125 989 2220 producit,
1017 2147 1123 2218 quam
1149 2146 1233 2194 nru-

126 2250 236 2312 tarum
262 2242 468 2335 complexio.
509 2239 548 2312 ln
578 2241 785 2311 Graecorum
824 2249 934 2311 autem
972 2244 1082 2311 veteri
1116 2239 1233 2331 lingua

126 2355 210 2427 haec
234 2356 338 2429 modo
366 2355 587 2448 producendi,
616 2355 715 2427 modo
740 2356 946 2451 corripiendi
962 2353 1106 2427 facultas
1124 2353 1234 2426 mutto

126 2472 308 2542 artioribus
347 2492 448 2565 quom
489 2479 611 2566 postea
649 2469 810 2544 limitibus
850 2472 1104 2564 circumscripta
1143 2475 1229 2540 erat.

124 2584 213 2657 Nam
241 2613 264 2678 p
290 2597 323 2656 ct
349 2612 365 2653 ν
392 2587 515 2657 literae
541 2589 647 2657 mutis
674 2587 807 2658 additae
834 2586 923 2681 apud
944 2583 1138 2656 Homerum
1164 2605 1232 2677 po-

127 2703 286 2773 sitionem
312 2699 426 2772 iacere
456 2699 623 2783 solebant,
651 2701 739 2796 apud
756 2701 885 2773 Atticos
904 2703 1082 2795 ancipitem
1102 2698 1231 2770 redde-

125 2813 208 2885 bont
235 2812 413 2907 syllabam.
443 2813 531 2900 Quid
557 2815 644 2907 quod
672 2818 776 2886 etiam
803 2823 882 2886 ante
909 2840 949 2907 μν
982 2813 1115 2884 vocalis
1142 2812 1232 2908 apud

126 2928 250 3022 lyricos
277 2930 445 3001 interdum
472 2921 589 3000 brevis
628 2928 815 3001 manebat?
854 2929 902 3001 At
940 2933 974 3000 in
1011 2927 1229 3012 hexametro,

128 3049 181 3137 qui
211 3052 349 3138 propter
374 3066 451 3114 rem
479 3047 592 3139 ipsam
620 3049 797 3139 anthuam
822 3049 1025 3139 gravitatem
1044 3041 1229 3126 referebat,

127 3159 243 3230 eadem
271 3162 380 3229 rarius
406 3163 633 3253 reperiuntur.
674 3161 729 3232 Ex
767 3183 834 3255 quo
871 3163 1054 3255 colligitur,
1090 3163 1125 3229 in
1150 3180 1232 3230 scr-

127 3297 229 3344 mone
256 3273 388 3344 Graeco
412 3297 481 3345 non
508 3278 637 3360 minus,
666 3298 771 3369 quam
810 3279 845 3345 in
870 3273 986 3346 lndico
1025 3274 1229 3368 positionem

126 3388 268 3461 debilem
296 3388 439 3459 eandem
464 3392 539 3459 vim
558 3399 660 3483 atque
678 3391 831 3462 validam
849 3392 1031 3484 antiquitus
1051 3387 1227 3459 babuisse.

126 3499 198 3573 Huc
225 3503 367 3588 accedit,
394 3504 483 3596 quod
508 3507 633 3598 positio
659 3503 794 3588 debilia,
822 3526 1021 3599 quanquam
1051 3506 1085 3573 in
1111 3504 1231 3572 versi-

126 3615 187 3689 bus
227 3641 331 3711 saepe
364 3618 561 3711 neglegitur
598 3641 712 3714 neque
750 3619 792 3691 ad
828 3627 1007 3691 accentum
1046 3619 1230 3709 quicquam

126 3733 218 3802 valet
243 3733 533 3821 constituendum,
562 3740 597 3806 in
623 3736 851 3831 comparando
876 3742 994 3805 tamen
1022 3735 1103 3804 satis
1129 3728 1233 3802 babet

127 3847 300 3940 ponderiS,
330 3855 366 3917 ut
389 3847 406 3917 d
427 3848 539 3944 μικρὸν
567 3857 645 3920 ante
670 3851 931 3920 terminationes
958 3870 1053 3943 τερος
1078 3854 1112 3916 et
1135 3867 1232 3919 τατος

126 3982 189 4032 non
217 3961 435 4056 producatur.
453 3960 614 4033 Latinam
632 3963 781 4056 linguam
799 3962 863 4034 bac
881 3966 914 4034 in
933 3984 972 4034 ro
990 3959 1144 4032 Graecae
1158 3980 1227 4031 non

129 4073 327 4145 dissimilem
348 4072 455 4147 luisse
472 4099 550 4148 cum
569 4076 760 4170 linguarum
780 4085 1002 4171 cognatarum
1016 4074 1231 4172 comparati-
