2746 4530
599 302 716 374 di

127 519 253 587 senius
267 518 302 586 in
316 513 684 587 HistoriaoRomaune
702 513 730 598 1,
753 514 1138 599 mercenniacus,
1167 538 1251 586 cnr-

122 633 229 701 anina
271 627 430 699 Saturnia
471 650 495 698 a
536 627 627 699 binis
663 631 792 698 cantari
832 628 930 700 solitu
967 650 1061 712 esse,
1102 651 1251 722 quorum

132 743 221 814 alter
247 742 396 813 alterum
422 741 685 815 hemistichium
720 745 967 836 pronuntiaret,
1004 741 1108 838 Apud
1139 743 1250 815 Plau-

132 865 207 929 tum
233 860 331 928 enim
359 864 394 927 et
419 856 622 928 Terentium
655 879 761 949 quam
800 878 905 950 saepe
943 861 978 928 in
1016 880 1246 952 personarum

134 973 337 1051 mutatione,
364 973 472 1041 ctiam
498 973 529 1042 si
554 992 701 1042 caesura
719 975 918 1056 accesserit,
941 977 1081 1045 vocales
1100 976 1250 1043 coniun-

136 1093 275 1178 gantur,
304 1088 337 1154 in
365 1089 488 1183 queuis
516 1107 639 1156 eorum
656 1088 782 1179 pagina
799 1087 921 1157 videre
938 1089 1031 1172 licet,
1051 1108 1250 1180 quanquam

138 1198 248 1271 hiatus
287 1198 452 1292 exempla
489 1199 623 1270 iisdem
666 1200 924 1272 condicionibus
966 1199 1249 1294 frequentissime

138 1322 225 1385 sunt.
256 1312 353 1398 Quae
378 1313 458 1383 vide
481 1316 517 1383 in
544 1312 721 1407 Spengelii
747 1313 835 1384 lihrn
862 1314 904 1385 dc
922 1314 962 1384 Τ.
984 1316 1116 1386 lllaccio
1138 1313 1249 1386 Plau-

139 1436 228 1523 top.
259 1428 326 1498 201
357 1449 409 1520 sq.
440 1425 537 1511 Quod
558 1427 653 1503 idem
681 1429 716 1498 in
741 1427 1052 1521 Francogallorum
1077 1433 1248 1501 carmini-

141 1540 200 1613 bus
227 1544 398 1612 scaenicis
424 1549 497 1610 tam
523 1564 594 1612 nnn
620 1564 699 1613 raro
725 1546 910 1628 invenitur,
938 1552 975 1613 ut
990 1566 1100 1613 uuum
1118 1566 1248 1614 exem·
1317 1589 1320 1594 -

142 1657 231 1749 plum
257 1656 419 1739 sufficiat,
448 1656 585 1747 quode
612 1655 796 1727 Britannici
823 1656 1003 1729 Raciniani
1030 1679 1156 1729 scaena
1182 1661 1250 1751 pri·
1331 1648 1333 1652 ’

140 1792 192 1840 ma
217 1772 337 1863 petivi.
374 1768 568 1861 Interrogat
593 1769 733 1852 Albina,
760 1771 954 1865 Agrippina
981 1770 1167 1865 respondet
1184 1769 1249 1840 hoc

143 1887 253 1958 mode:

181 2017 278 2090 Vnus
304 1985 519 2113 leurappui‚
548 2016 733 2089 madame?
764 2017 904 2101 Acroce,
934 2017 1038 2088 chere
1068 2016 1210 2087 Albine.

137 2162 250 2261 Neque
275 2192 430 2264 unquam
457 2170 567 2241 aliter.
596 2169 635 2240 ln
661 2167 898 2264 Hispanorum
926 2176 1045 2239 autem
1076 2173 1110 2236 et
1135 2158 1247 2236 ltalo-'

142 2301 210 2351 rum
237 2288 347 2376 poesi,
376 2307 457 2378 cum
477 2306 601 2354 eorum
620 2305 743 2353 versus
763 2284 913 2353 scaenici
931 2281 1137 2376 plerumque
1156 2279 1246 2351 bre·

142 2399 250 2470 riores
276 2401 356 2482 sint,
385 2422 492 2492 quam
519 2402 576 2492 qui
614 2421 760 2470 caesura
798 2397 970 2470 immobili
1009 2397 1240 2477 dissecentur,

137 2513 276 2583 easdem
301 2513 521 2584 condiciones
547 2513 717 2583 difficilius
743 2512 883 2604 quidem
901 2519 955 2583 est
977 2534 1045 2581 una
1072 2515 1241 2604 reperire,

139 2626 294 2698 eadsine
320 2629 493 2699 eiusmodi
519 2650 664 2699 caesura
691 2628 753 2700 hoc
779 2627 929 2698 elidendi
955 2647 1067 2718 genus
1084 2634 1158 2726 tam
1175 2646 1246 2697 non
1316 2609 1318 2613 ⁵

140 2761 249 2811 rarum
275 2749 341 2830 est,
369 2750 406 2812 ut
431 2743 489 2813 vel
514 2747 549 2812 in
575 2741 730 2836 pluribus
756 2740 919 2811 versibus
947 2723 1113 2835 deinceps
1145 2741 1246 2833 posi-

137 2858 177 2926 tis
202 2861 410 2937 inueniatur,
437 2862 534 2928 utin
559 2856 655 2952 Lopii
682 2859 724 2929 de
751 2857 853 2949 Vega
878 2856 1026 2929 Estrella
1054 2858 1096 2927 de
1124 2856 1245 2928 Sevil·

136 2968 167 3040 ln
184 2972 276 3059 jorn.
306 2969 368 3062 lll,
395 2993 463 3063 quo
487 2971 564 3043 loco
588 2994 761 3066 personae
792 2979 913 3066 quater
938 2980 1125 3043 minantur:

344 3118 395 3189 Ya
419 3142 464 3191 nn
490 3119 554 3213 hay
583 3129 690 3214 parte.
717 3121 895 3192 Amores
923 3128 1032 3214 parte.

347 3215 394 3287 lis
422 3214 639 3287 olendermc.
670 3217 719 3289 Es
746 3225 890 3289 amarte.

134 3357 238 3434 Aliud
263 3371 330 3448 est,
358 3366 435 3435 sine
461 3386 528 3456 quo
555 3388 682 3438 versus
708 3367 833 3458 longus
859 3388 927 3438 non
946 3366 1048 3460 plane
1066 3364 1239 3449 horridus,

133 3475 272 3568 qualem
299 3498 446 3547 versum
471 3480 670 3552 Saturnium
698 3504 777 3551 essa
804 3489 958 3574 apparet,
987 3502 1161 3572 nusquam
1179 3503 1242 3550 re-

133 3595 270 3682 peritur,
297 3600 334 3662 ut
358 3594 581 3665 hemistichia
607 3600 772 3668 constanti
799 3597 912 3688 aliqua
937 3604 1069 3667 ratione
1094 3597 1184 3665 inter
1203 3617 1242 3666 se

132 3712 188 3774 ant
206 3706 334 3777 similia
361 3711 430 3778 sint
456 3716 515 3779 aut
543 3710 711 3781 differant.
740 3713 855 3804 Atque
880 3711 914 3782 ud
932 3712 1031 3783 varin
1049 3710 1154 3782 modo
1171 3708 1242 3780 lie-

134 3819 162 3888 ri
184 3819 358 3890 videmus.
388 3820 427 3892 ln
455 3821 554 3894 Sloco
573 3827 668 3894 enim
685 3824 801 3898 Indico
819 3826 966 3896 alterum
983 3823 1240 3895 hemistichium
1322 3849 1329 3872 ·

128 3930 270 4003 dinmho
300 3936 523 4023 concluditur,
548 3958 673 4008 versus
701 3940 828 4032 politici
865 3939 988 4011 Graeci
1024 3929 1166 4002 dimidie
1206 3935 1241 3999 tl

129 4044 259 4116 tenum
283 4069 475 4119 numerum
498 4053 674 4122 continent
692 4055 869 4126 diversum
893 4064 926 4120 et
943 4050 1037 4119 exito
1062 4042 1235 4126 differunt,
