2746 4530
687 294 733 367 ut

158 504 235 589 erit,
265 506 295 574 si
320 506 396 596 quis
422 503 590 575 Herculei
616 504 823 594 disyllabum
842 495 912 578 'hoc
941 507 1017 580 loco
1043 512 1155 581 minus
1180 530 1267 605 pro-

157 616 304 699 baverit:

281 784 381 856 Dono
407 785 537 857 dandnt
561 784 722 858 Hercolei
797 811 975 862 maxsume
1000 800 1141 863 mereto.

159 950 224 1041 Qui
249 975 374 1025 versus
401 953 521 1025 eodem
548 954 621 1027 iere
648 956 748 1028 modo
772 957 941 1048 procedit,
969 980 1040 1052 quo
1066 959 1126 1030 ille

249 1174 254 1178 .
288 1121 449 1193 uuonoro
475 1131 612 1217 optumo
711 1121 801 1194 fuiss
825 1127 915 1194 viro.

160 1283 309 1355 Danant
333 1289 423 1356 enim
449 1309 511 1382 per
537 1311 576 1359 se
602 1310 670 1358 non
696 1291 807 1380 magis
833 1289 956 1361 mirum
983 1298 1049 1375 est,
1078 1313 1179 1386 quam
1205 1314 1272 1366 co-

161 1402 323 1471 micorum
351 1401 409 1471 illa
435 1402 564 1472 nabent
597 1403 790 1496 despicula,
824 1404 1064 1496 creditatorios,
1101 1410 1272 1496 fordatu-

160 1517 247 1598 ram,
273 1515 465 1603 volontate,
482 1517 663 1602 talentum,
687 1518 768 1604 alia,
788 1523 991 1613 praesertim
1019 1523 1048 1591 si
1067 1524 1272 1617 scripturam

162 1629 288 1702 dedrot
313 1653 376 1725 pro
403 1654 458 1717 eo,
488 1634 576 1727 quod
605 1641 658 1704 est
683 1634 865 1719 dederont,
895 1638 1164 1731 comparaveris.

212 1744 427 1838 Synizesium
441 1756 564 1833 autem,
577 1771 667 1843 quae
682 1771 773 1820 nunc
787 1749 924 1842 quidem
938 1774 958 1821 a
971 1754 1057 1823 viris
1071 1751 1178 1825 doctis
1193 1749 1273 1822 huic

163 1869 273 1931 metro
299 1867 351 1931 sat
368 1861 510 1953 largiter
536 1862 742 1949 tribuuntur,
770 1884 880 1958 pauca
907 1865 1084 1957 admodum
1112 1862 1273 1960 exempla

162 1978 298 2069 repperi
325 1998 437 2070 eaque
463 1979 657 2064 lenissima,
692 1978 806 2071 qualia
833 1987 913 2049 sunt
948 1961 1046 2051 nto'do
1083 1981 1118 2049 in
1155 1975 1272 2048 tabula

163 2097 316 2188 Caecilii,
341 2074 461 2172 olorum
489 2104 577 2195 apud
602 2103 781 2182 Naevium,
810 2073 887 2174 eido
912 2105 948 2173 in
973 2100 1088 2172 tabula
1114 2100 1273 2218 Mummii

150 2230 198 2292 .et
223 2223 311 2317 apud
336 2222 519 2307 Naevium,
540 2230 624 2309 tum,
645 2222 733 2317 quod
752 2231 875 2318 postea
892 2221 1100 2306 videbimus,
1121 2244 1273 2293 ocream

164 2338 252 2432 apud
277 2338 436 2411 eundem.
467 2337 593 2410 Cetera
620 2347 676 2409 aut
701 2336 789 2409 falsa
815 2349 894 2411 sunt
919 2346 976 2410 aut
1001 2345 1093 2408 certe
1119 2336 1236 2409 dubia.

213 2451 309 2523 Haec
334 2452 407 2524 iere
433 2462 526 2536 sunt,
555 2476 643 2546 quae
669 2456 704 2523 in
738 2462 831 2525 tanta
870 2455 1089 2546 reliquiarum
1126 2455 1273 2547 penuria

166 2566 207 2638 ad
234 2567 329 2660 leges
358 2575 392 2639 et
416 2568 571 2638 licentias
611 2568 839 2660 antiquissimi
876 2568 1108 2640 Romanorum
1147 2587 1274 2638 versus

165 2680 386 2751 illustrandas
414 2679 580 2772 colligere
607 2683 714 2774 potui.
744 2680 841 2766 Quae
878 2704 954 2752 cum
986 2683 1070 2752 satis
1103 2681 1274 2775 explicata

166 2816 246 2867 esse
271 2796 464 2880 videantur,
493 2797 561 2865 iam
587 2818 605 2863 a
632 2796 778 2888 singulis
798 2796 957 2868 versibus
975 2796 1016 2867 ad
1034 2817 1153 2867 eorum
1171 2817 1274 2867 com-

166 2910 344 3005 plexiones
363 2920 588 2981 transeamus
600 2909 713 3003 Atque
732 2913 766 2982 in
784 2909 972 2982 maioribus
989 2909 1165 3004 operibus,
1182 2931 1274 3003 qua-

165 3025 212 3099 lia
237 3035 333 3096 erunt
358 3024 445 3096 Livii
471 3023 659 3095 Andronici
686 3023 823 3097 Odissia
850 3033 884 3097 et
904 3025 1026 3097 Naevii
1046 3021 1182 3094 Bellum
1198 3022 1275 3094 Pu·

166 3143 298 3227 nicum,
326 3139 464 3210 dubium
496 3160 563 3208 non
590 3147 655 3223 est,
685 3143 766 3232 quin
792 3139 955 3211 versiculi
981 3139 1073 3208 nullo
1099 3145 1193 3208 certo
1211 3158 1276 3207 or-

166 3255 246 3329 dine
272 3255 456 3326 observato
488 3253 575 3325 alius
602 3254 705 3324 alium
731 3257 948 3348 exceperint.
985 3252 1022 3323 ln
1056 3249 1277 3323 brevioribus

168 3380 277 3442 autem
306 3374 536 3441 monumentis
562 3372 659 3441 varia
692 3369 965 3463 complexionum
993 3365 1133 3438 artificia
1167 3386 1277 3460 appa·

167 3491 256 3556 rent.
297 3481 383 3554 Nam
425 3485 625 3579 plerumque
668 3484 974 3555 animadvertimus
1010 3483 1110 3554 binos
1149 3501 1276 3552 versus

168 3600 415 3670 sententiarum
442 3599 581 3669 vinculo
607 3606 680 3668 arte
710 3600 799 3668 inter
823 3619 861 3668 se
886 3597 1085 3676 cohaerere,
1118 3616 1185 3687 quo
1217 3595 1277 3664 in·

168 3713 300 3785 terdum
327 3721 487 3784 constans
527 3713 640 3805 aliqua
678 3720 713 3783 et
750 3720 916 3806 perpetua
954 3710 1084 3782 formae
1123 3710 1277 3780 varietas

170 3829 319 3901 accedat.
350 3829 545 3921 Scipionum
572 3828 708 3922 quidem
734 3827 847 3919 elogia
872 3829 985 3898 omnia
1011 3826 1058 3897 ita
1077 3846 1117 3896 se
1135 3820 1276 3910 habent,

168 3952 242 4015 ute
267 3947 374 4015 ternis
398 3942 559 4014 binorum
587 3963 757 4015 versuum
784 3940 933 4035 strophis
953 3948 1114 4011 constare
1127 3935 1277 4009 videan-

170 4065 236 4130 tur.
255 4056 363 4130 Recte
380 4060 471 4129 enim
488 4058 662 4129 iudicasse
680 4056 826 4128 arbitror
843 4053 1094 4125 Buechelerum
1111 4059 1147 4125 et
1159 4052 1278 4146 Spen-
