2746 4530
623 269 669 343 89

93 485 177 554 satis
203 503 271 553 non
297 485 352 553 sit.
380 478 492 572 Finge
530 487 648 550 tanam
674 481 776 551 etiam
801 476 865 551 boc
891 498 1012 549 verum
1037 498 1131 557 esse:
1168 484 1202 549 at

94 597 243 669 secunda
271 596 380 669 thesis
405 598 441 667 in
468 593 636 688 dactylum
663 593 774 665 soluta
799 600 854 665 est
868 591 971 685 idque
997 596 1073 665 siue
1097 591 1202 667 diac.

92 717 176 784 resi.
207 711 274 784 Sed
301 714 404 782 etiam
429 713 459 780 si
485 708 572 781 nibil
609 711 668 794 sit,
695 708 785 802 quod
823 715 966 779 metrum
997 715 1141 795 evertat,
1168 716 1202 781 at

94 833 205 900 oratio
230 837 309 924 post
332 848 457 899 vocem
482 829 666 897 exercitus
690 847 759 901 non
796 833 874 920 apte
905 824 1076 909 inciditur,
1103 832 1141 896 ιιι
1164 826 1200 897 in

92 964 197 1014 versu
225 944 421 1034 insequenti
447 937 658 1011 absolvatur.
689 941 783 1025 Quae
807 961 884 1011 cum
916 940 963 1009 ita
989 939 1068 1023 sint
1109 937 1199 1013 bana

93 1055 271 1127 Vahlenus
311 1076 434 1127 vocem
471 1057 655 1124 exercitae
691 1063 729 1125 ut
764 1053 938 1146 glossema
975 1055 1091 1139 eiecit,
1130 1073 1199 1125 uon

91 1169 183 1242 bene
208 1179 321 1241 tamen
344 1191 434 1240 voce
459 1191 591 1239 omnem
627 1176 706 1263 post
728 1168 775 1256 id,
801 1166 889 1263 quod
927 1173 983 1238 est
1010 1170 1201 1258 inteprom,

93 1287 205 1357 addita
232 1285 419 1356 diaeresim
444 1282 596 1354 sustulit.
625 1280 746 1376 Neque
770 1303 857 1353 vcro
882 1283 1064 1375 quicquam
1090 1279 1201 1350 adda-

93 1413 147 1470 tur
173 1422 259 1494 opus
286 1407 351 1484 est,
379 1420 461 1468 oum
485 1419 611 1469 versus
636 1399 761 1491 optima
786 1397 832 1467 ita
858 1395 1057 1490 procedant:

143 1565 281 1637 Transit
305 1565 457 1637 Melitam
483 1565 674 1647 Romamne,
749 1563 897 1636 insulam
923 1568 1090 1660 integram

142 1663 217 1735 Urit
246 1664 424 1758 populatur
448 1672 577 1752 vastat,
745 1685 816 1732 rem
841 1663 991 1734 hostium
1008 1665 1200 1734 concinnat.

95 1831 170 1904 Huc
198 1833 340 1918 accedit,
370 1834 460 1927 quod
487 1842 520 1905 et
545 1833 724 1904 Romanoa
748 1855 813 1924 per
851 1832 1093 1927 synecdochen
1126 1832 1203 1903 dic·

95 1954 170 2016 tum
199 1969 402 2018 sermonem
427 1951 595 2042 poeticum
622 1951 737 2040 magis
762 1947 875 2035 decet,
902 1970 1008 2041 quam
1034 1947 1097 2017 hoo
1122 1946 1204 2018 Ro-

95 2084 218 2131 moues
242 2067 442 2150 exercituo,
470 2071 515 2149 et,
543 2085 625 2133 cum
651 2064 750 2135 elisio
775 2063 903 2158 duplex
926 2066 1032 2135 vitata
1049 2065 1107 2149 sit,
1126 2065 1203 2157 syl-

95 2174 173 2246 laba
198 2176 363 2270 producta
395 2180 429 2247 in
456 2176 603 2248 diaeresi
640 2185 808 2249 servatur.
848 2175 1007 2261 Quintum
1047 2177 1203 2249 eiuusdom

95 2292 273 2385 positionis
312 2291 505 2385 exemplum
544 2293 577 2361 in
611 2290 912 2363 emendationibus
950 2290 1198 2363 enucleabilur.

95 2404 295 2499 Quanquam
320 2407 355 2476 in
382 2403 538 2475 Saturnio
565 2405 628 2476 hoo
654 2405 863 2500 producendi
888 2429 1001 2501 genus
1018 2428 1087 2478 non
1113 2429 1202 2478 con·

95 2525 238 2592 stantius
265 2524 412 2605 servari,
441 2543 542 2615 quam
568 2523 601 2592 in
627 2523 810 2594 notissimo
835 2520 893 2593 illo
919 2519 1036 2593 Ovidii
1054 2544 1172 2595 versu:

200 2670 245 2740 llt
269 2674 378 2764 primo
404 2671 532 2743 similis
558 2671 701 2754 volucri,
731 2690 811 2739 mox
836 2690 920 2739 vera
946 2669 1111 2751 volucris,

95 2831 246 2908 nonest,
276 2822 366 2916 quod
393 2823 603 2914 argumentis
643 2817 875 2916 conlprobem.
904 2817 1012 2905 Quam
1052 2817 1094 2889 ob
1128 2841 1201 2890 rem

94 2935 185 3008 bene
215 2936 373 3007 traditum
400 2943 454 3006 est
477 2934 541 3004 hoo
566 2934 668 3005 Livii:

144 3086 253 3158 Simul
270 3109 310 3157 ac
336 3085 495 3155 lacrimas
521 3085 563 3156 de
590 3106 651 3157 ore
758 3108 893 3180 noegeo
922 3085 1078 3159 detersit.

96 3235 166 3311 Sed
192 3239 227 3307 in
253 3238 566 3330 antiquissimorum
583 3246 765 3331 poetarum
781 3236 957 3321 versibus,
977 3258 1054 3307 cum
1071 3255 1203 3308 summa

96 3371 216 3422 eorum
241 3351 361 3443 regula
386 3373 456 3422 non
482 3355 626 3443 originis
651 3355 816 3440 rationes,
840 3353 902 3424 sed
939 3353 1054 3447 populi
1087 3372 1202 3424 sermo

96 3473 133 3537 et
155 3488 239 3539 usus
264 3465 377 3550 luerit,
406 3475 543 3561 praeter
568 3475 739 3538 mutmum
766 3468 1036 3561 liquidarumqua
1054 3468 1211 3564 conexi--

95 3601 182 3652 ones
210 3582 300 3652 aliud
325 3580 494 3675 quoddam
520 3584 698 3676 positionis
723 3582 846 3655 debilis
870 3603 983 3676 genus
1012 3583 1198 3652 invenitur.

96 3691 226 3766 Eadem
254 3699 346 3766 enim
372 3717 524 3767 consona
550 3695 602 3768 bis
626 3700 750 3791 posita,
778 3720 860 3768 cum
891 3707 959 3768 ιιιιι
985 3697 1111 3768 similis
1137 3721 1144 3766 ι
1196 3735 1203 3750 ·

95 3818 149 3882 set
174 3810 351 3898 simplicia,
379 3817 415 3879 ut
440 3813 621 3904 antiquitus
647 3812 755 3883 semol
782 3813 860 3904 poni
885 3811 1056 3899 soleretr
1152 3832 1166 3882 a

95 3924 379 4020 praecedentem,
419 3927 576 3995 etiamsi
613 3923 676 3996 sub
707 3930 773 3998 ictu
809 3934 922 4012 asset,
956 3947 1024 3996 non

95 4037 318 4132 producebat.
347 4036 465 4131 ltaque
479 4039 618 4111 Plautus
636 4061 699 4136 per
716 4041 914 4136 simplicem
936 4039 1023 4110 dixit
1040 4039 1089 4111 Hi
