2746 4530
650 293 698 368 ’61

230 510 358 583 Eorum
384 518 510 581 sectam
538 515 700 579 secuntur
798 507 932 600 plurimi
959 507 1130 578 mortales.

126 659 291 732 Eiusdem
319 659 440 729 lloevii
464 677 591 727 versus
616 655 771 726 laudatur
796 677 815 725 a
842 655 1037 726 Prisciano:

89 846 97 861 =
233 806 275 878 Ei
302 809 463 877 venitin
487 813 638 875 mentem
714 802 886 877 hominum
912 802 1079 894 fortunas„

126 961 182 1052 qui
210 980 230 1027 a
255 957 431 1050 plerisque
457 959 502 1025 ita
538 955 675 1046 legitur,
717 963 753 1024 ut
789 957 887 1024 vocis
923 958 1090 1042 fortunas
1127 956 1233 1046 primu

126 1081 162 1142 et
186 1072 337 1142 secunda
362 1068 493 1164 syllaba
519 1071 607 1138 ictus
645 1072 822 1163 recipiant.
865 1066 945 1153 Sed,
987 1090 1031 1138 ue
1068 1067 1174 1138 thesis
1201 1069 1235 1135 iu

128 1187 239 1260 medio
270 1186 379 1257 verbo
411 1189 560 1256 omissae
598 1187 803 1255 mentionem
841 1183 976 1270 faciam,
1016 1205 1091 1253 cum
1125 1186 1235 1277 prima

126 1305 329 1399 posterioris
354 1301 559 1373 hemistichii
597 1299 704 1372 thesis
736 1321 806 1370 non
833 1301 933 1371 modo
970 1320 1040 1371 non
1077 1306 1235 1392 correpta

128 1421 184 1501 sit,
212 1417 274 1487 scd
292 1419 393 1487 etiam
411 1437 487 1486 cum
507 1417 576 1484 arsi
596 1421 821 1509 anapaestum
838 1413 1081 1499 alliciat,.hunc
1095 1434 1235 1483 versum

129 1533 190 1603 vel
210 1536 258 1602 sic
277 1532 365 1602 male
391 1531 462 1622 legi
487 1530 659 1601 affirmare
673 1534 795 1601 ausim.
812 1528 877 1615 Qui
889 1538 927 1600 ut
938 1529 1028 1601 bene
1043 1552 1081 1600 se
1096 1528 1233 1609 habeat,

127 1649 238 1742 prima
263 1649 361 1716 vocis
385 1645 558 1716 dominnm
583 1646 790 1740 producatur
813 1667 961 1716 necesse
998 1653 1063 1716 est.
1101 1646 1232 1737 Atque,

129 1764 160 1831 si
186 1762 342 1831 adiectivi
367 1759 548 1850 dumanas,
574 1762 670 1828 cuius
696 1763 839 1853 primam
864 1759 1004 1853 produci
1037 1764 1118 1830 satis
1145 1780 1233 1828 cou-

129 1883 207 1960 star,
236 1879 403 1946 rationem
429 1873 644 1957 habebimus
684 1871 761 1943 fieri
793 1895 861 1944 non
887 1882 1013 1968 potest,
1054 1877 1135 1966 quin
1173 1893 1234 1944 eos

132 2012 328 2084 sequamur,
358 1988 480 2082 quibus
506 1989 646 2058 latinum
664 1985 763 2058 domo
782 2010 858 2058 cum
876 1988 987 2058 indico
1003 1994 1127 2059 vetere
1144 1987 1235 2058 did-

130 2127 210 2174 mon
236 2105 350 2198 placet
385 2103 605 2174 contendere.
633 2101 752 2196 ltaque
789 2105 1035 2195 antiquissimis
1067 2107 1236 2200 tempori-

131 2215 195 2287 bus
217 2217 339 2287 dictum
367 2239 446 2288 esse
471 2216 607 2288 videtur
631 2216 729 2287 tamo
754 2219 864 2312 prima
889 2215 1070 2312 producta,
1088 2240 1238 2311 quone-

132 2337 204 2403 scio
219 2355 263 2402 an
275 2330 499 2403 referendum
515 2335 558 2402 sit
570 2331 652 2402 illud
663 2337 852 2419 semicocta,
869 2335 957 2425 quod
972 2342 1026 2405 est
1039 2337 1073 2405 in
1086 2339 1237 2407 carmine

134 2448 271 2532 Annali,
301 2469 362 2541 pro
400 2447 666 2532 semihominem,
707 2449 830 2519 deinde
871 2447 971 2519 domo
1012 2452 1119 2541 prima
1159 2453 1239 2521 item

133 2561 309 2656 producta,
337 2568 413 2655 post
439 2569 608 2655 correpta,
634 2569 670 2631 ut
697 2560 775 2631 fere
800 2559 839 2631 iit
863 2565 898 2634 in
924 2561 1111 2656 disyllabis.
1141 2561 1238 2648 Quod

137 2678 166 2747 si
193 2681 236 2745 ita
262 2683 328 2759 est,
357 2677 483 2769 optime
509 2675 674 2767 digeritur
698 2675 762 2746 hoc
789 2678 1011 2749 Naeuianum:

453 2827 629 2898 silvicolae
735 2826 890 2906 homines
917 2828 1086 2922 duellique

230 2921 377 3006 laertes,

136 3071 193 3141 ubi
219 3071 326 3141 duelli
352 3072 554 3166 disyllabum
580 3072 646 3161 estg
687 3083 723 3144 ut
760 3098 865 3170 saepe
904 3076 992 3171 apud
1031 3080 1239 3169 antiquissi-

137 3207 223 3256 mos.
267 3184 465 3281 Quanquam
504 3211 573 3261 uon
613 3213 702 3284 nego
741 3192 864 3262 eadem
902 3195 1003 3262 etiam
1042 3196 1091 3262 sic
1130 3193 1241 3285 digeri

137 3323 253 3396 posse:

935 3438 1112 3510 silvicolae

246 3526 410 3598 Homines
429 3528 601 3624 duellique
627 3535 769 3619 inertem

139 3702 204 3773 quo
230 3678 318 3749 lacto
344 3679 501 3750 domines
533 3687 642 3776 prima
680 3693 835 3780 correpta
873 3685 1052 3755 dicendum
1090 3687 1165 3766 erit,
1206 3691 1243 3754 ut

138 3816 285 3889 semper.
316 3795 445 3866 Eadem
470 3799 605 3892 antiqua
632 3820 793 3870 mensura
829 3800 971 3896 probum
1010 3797 1119 3870 reddit
1154 3798 1242 3870 hrruc

138 3908 292 3982 Merulae
318 3932 471 3981 versum:

235 4055 301 4142 out
325 4059 429 4128 terrai
454 4055 561 4130 latim
657 4059 821 4134 homiues
847 4070 1016 4135 luserunt.
