2746 4530
659 233 711 305 8²3

138 441 195 511 alii
222 442 334 523 aliter,
363 445 410 512 ita
439 449 553 512 tamen
580 442 748 536 plerique,
788 451 825 512 ut
849 446 1021 536 posterius
1064 443 1240 514 dimidium

136 564 194 626 aut
218 555 260 626 ab
287 556 344 627 illo
371 580 391 626 0
417 565 476 626 aut
499 579 519 627 a
543 557 654 628 verbo
678 580 752 628 eune
784 561 935 652 incipiat,
976 559 1102 642 idest,
1137 568 1175 629 ut
1210 567 1244 630 et

137 674 288 744 diaeresi
316 667 436 743 careat
457 681 493 742 et
508 673 641 766 dactylo
658 677 863 768 inquinetur.
886 673 1043 744 Alterum
1062 673 1244 767 fragmen-

136 795 205 857 tum
232 792 310 880 quin
348 785 525 880 trisyllabo
551 789 661 858 media
689 790 852 884 producta
879 797 938 859 aut
962 792 1037 858 eius
1056 784 1243 859 solutioni-

136 899 200 970 bus
225 900 429 972 lulciendnm
456 905 511 986 sit,
533 900 671 973 dubium
696 925 764 973 non
791 911 853 973 est.
885 903 980 974 Bene
997 906 1102 994 igitur
1121 901 1243 975 Guen-

136 1017 252 1085 tberus
290 1015 463 1109 supplevit
498 1023 688 1108 repentes-,i
709 1017 797 1112 quod
826 1015 1009 1088 Homerico
1035 1015 1138 1086 ὕπατε
1162 1040 1244 1112 aper·

137 1131 240 1199 όντων
272 1130 506 1223 responderet,
535 1131 596 1201 sed
622 1134 749 1203 thesim
774 1134 871 1203 ineo
897 1133 1070 1203 excidisse
1091 1132 1245 1204 arbitra-

136 1252 189 1314 tus
215 1252 268 1313 est
294 1265 360 1313 non
388 1247 479 1314 item.
508 1243 660 1329 Etenim,
687 1268 764 1316 cum
790 1250 947 1340 quemvis
975 1267 1096 1316 vocem
1124 1247 1245 1340 trisyl-

136 1358 261 1442 labam,
291 1379 377 1450 quae
404 1358 567 1452 dactylica
594 1382 675 1432 esse
697 1361 887 1446 videretur,
922 1360 1036 1454 qualia
1069 1370 1147 1431 suut
1178 1384 1245 1429 ur-

138 1474 231 1560 dine,
257 1473 347 1565 filiu,
368 1478 498 1565 insece,
515 1479 688 1567 nepetino,
716 1498 760 1545 ne
786 1497 1051 1546 commemorem
1090 1476 1245 1564 inclitus,

138 1590 296 1679 Pythius,
327 1590 360 1658 in
386 1592 574 1682 posteriore
600 1587 817 1659 hemistichio
843 1591 964 1659 ultima
989 1588 1155 1683 producte
1188 1590 1246 1660 di-

138 1708 245 1776 cenda
272 1728 351 1776 esse
377 1703 580 1790 viderimus,
607 1701 681 1775 fieri
707 1726 775 1775 non
796 1712 920 1798 potest,
941 1711 1021 1797 quin
1040 1712 1138 1798 poeta
1157 1704 1244 1777 huno

136 1844 282 1893 versum
308 1825 353 1890 ita
380 1842 535 1891 sconsum
561 1820 722 1890 voluerit:

245 1970 346 2040 Pater
371 1978 502 2055 noster,
532 1968 667 2040 Saturni
775 1967 1091 2062 thedegario),

138 2123 205 2190 nisi
232 2124 370 2214 propius
397 2120 438 2190 ad
465 2119 643 2214 exemplar
670 2121 807 2212 scripsit

772 2266 840 2338 filie
865 2269 945 2361 (rex
971 2275 1136 2360 summe),

139 2423 227 2516 quod
253 2419 399 2491 fortasse
425 2421 577 2513 respexit
600 2415 767 2503 Naeuiae,
796 2440 868 2487 cum
894 2414 1062 2488 scriberet
1157 2402 1159 2408 ’

189 2587 324 2680 (lovis)
352 2587 468 2655 summi
495 2584 594 2655 deum
704 2587 799 2675 regis
823 2579 960 2652 fratrem
985 2581 1189 2675 Neptunum.

140 2755 258 2846 Neque
278 2754 311 2820 in
331 2751 438 2820 altero
456 2747 649 2842 fragmento
668 2733 880 2819 emendando
899 2747 966 2817 alio
984 2743 1125 2817 artificio
1142 2755 1248 2816 uten-

141 2870 218 2941 dum
246 2889 327 2937 esse
354 2888 497 2968 censeo,
526 2887 626 2958 quam
653 2863 729 2935 hee:

249 3035 365 3125 neque
391 3040 456 3102 tam
485 3041 519 3103 te
545 3055 619 3104 sum
644 3030 782 3119 oblitus,
859 3029 1147 3121 Lartievnostcr.

142 3200 291 3273 Lartium
318 3204 411 3270 enim
439 3222 500 3295 pro
518 3199 652 3271 Laertio
678 3200 763 3271 dixit
779 3198 918 3268 Plautus
937 3193 1060 3266 Bacch.
1082 3193 1145 3279 lv,
1167 3193 1248 3277 9,22

143 3317 262 3413 (946),
290 3315 428 3408 quidam
455 3316 543 3409 apud
570 3313 813 3400 Quintilianum
840 3310 902 3395 Vl,
933 3309 1031 3396 3,96,
1061 3305 1248 3401 Sophocles

142 3437 175 3503 in
204 3431 340 3501 Aeante
367 3427 635 3523 Mestigophoro,
663 3450 764 3523 quem
796 3446 938 3498 versum
969 3423 1084 3494 laudat
1114 3416 1249 3493 Prisci·-

143 3569 229 3616 anus
256 3543 334 3628 Vll,
356 3545 400 3616 18
427 3543 481 3614 ed.
513 3540 630 3613 Hertz.
652 3541 751 3613 huius
776 3544 885 3636 ipsius
910 3536 1091 3630 fragmenti
1116 3534 1249 3609 Liviani

143 3661 593 3755 gratia.0eter11mnesoio
632 3681 675 3729 an
714 3659 814 3728 etiam
856 3654 998 3727 taerto
1037 3649 1249 3740 trisyllabum

145 3798 207 3870 pro
236 3774 354 3844 lentie
380 3771 462 3844 ferri
489 3774 609 3862 possit,
637 3780 673 3841 ut
697 3791 830 3841 scaena
855 3791 917 3864 pro
942 3788 1061 3838 scena.
1083 3763 1249 3850 Quodsic

149 3894 297 3961 vocativi
323 3912 391 3961 non
419 3890 507 3958 arsis
534 3890 584 3972 vi,
617 3886 651 3957 id
678 3885 768 3978 quod
793 3892 933 3981 propter
957 3880 1112 3952 vocalem
1151 3880 1249 3951 vocis

149 4008 281 4074 exitum
308 4003 391 4072 mibi
420 4002 554 4096 quidem
582 3998 757 4096 probabile
783 4021 850 4070 non
877 4006 942 4084 est,
983 4002 1121 4092 praeter
1151 3990 1250 4065 verbi

1105 4109 1142 4182 6.
