2746 4530
694 290 739 363 ot

165 503 242 587 erit,
272 503 302 572 si
327 503 403 595 quis
429 500 597 571 Herculei
622 499 828 590 disyllabum
848 491 918 574 'hoo
947 502 1023 575 leco
1049 507 1161 577 minus
1185 524 1273 599 pro-

164 615 311 697 baverit:

286 780 387 853 Donu
413 783 543 854 daniint
567 781 728 854 Herculei
803 807 980 857 maxsume
1006 795 1148 859 mereto.

166 948 230 1036 Qui
255 972 380 1023 versus
407 950 528 1022 eodem
553 951 628 1023 lere
655 951 755 1025 modo
779 953 948 1045 procedit,
977 976 1047 1048 quo
1073 955 1132 1025 ille

295 1119 456 1192 Duonoro
482 1127 619 1214 optumo
718 1117 808 1191 fuiss
832 1123 922 1190 viro.

168 1281 317 1353 Desunt
340 1287 430 1354 enim
456 1306 517 1380 per
543 1307 582 1357 se
608 1307 676 1356 non
703 1287 814 1377 magis
841 1286 962 1356 mirum
990 1294 1057 1371 est,
1084 1309 1186 1380 quam
1212 1309 1279 1360 co-

168 1400 331 1468 micorum
358 1398 416 1468 illa
441 1399 571 1470 tabeat
604 1400 797 1493 despicate,
832 1400 1071 1491 sedentariam
1107 1405 1279 1492 ferento-

168 1514 254 1596 rim,
280 1512 471 1600 volontate,
489 1514 670 1599 talentum,
694 1514 775 1600 alia,
796 1518 998 1609 praesertim
1026 1517 1056 1586 si
1074 1519 1279 1611 scripturam

169 1626 296 1699 dedrot
321 1650 383 1723 pro
411 1651 465 1713 eo,
494 1631 583 1723 quod
612 1638 666 1701 est
690 1630 873 1715 dederont,
902 1633 1171 1726 comparaveris.

220 1741 434 1836 Syninesium
449 1753 572 1829 autem,
584 1767 674 1838 quae
689 1768 780 1817 nnnc
794 1745 931 1839 quidem
945 1769 965 1816 a
978 1750 1063 1817 viris
1077 1747 1186 1819 doctis
1199 1744 1280 1818 huic

170 1866 280 1928 metro
306 1865 358 1929 sat
375 1857 518 1950 largiter
543 1859 750 1945 tribuuntur,
778 1880 887 1953 pauca
915 1860 1092 1952 admodum
1119 1857 1279 1954 exempla

170 1975 306 2066 repperi
332 1996 444 2067 eaque
470 1975 665 2060 lenissima,
700 1974 815 2068 qualia
840 1983 921 2044 sunt
955 1956 1054 2046 nicos
1090 1976 1126 2044 in
1163 1970 1279 2043 tabula

171 2096 324 2185 Caecilii,
349 2071 469 2169 corum
497 2100 585 2192 apud
610 2099 789 2178 Naevium,
818 2068 894 2170 effla
920 2100 955 2167 in
981 2096 1096 2167 tabula
1122 2094 1281 2213 Mummii

157 2227 206 2289 .et
231 2221 319 2314 apud
344 2219 527 2304 Naevium,
547 2227 632 2305 tum,
652 2218 741 2313 quod
759 2227 883 2313 postea
900 2217 1107 2301 videbimus,
1129 2239 1281 2288 caream

172 2335 260 2429 apud
285 2336 443 2407 eundem.
474 2335 601 2407 Cetera
627 2342 684 2405 ant
709 2332 797 2404 falsa
823 2344 901 2407 sunt
926 2341 984 2404 aut
1008 2341 1101 2404 certe
1127 2330 1243 2404 dubia.

221 2448 414 2522 Haecfere
441 2458 534 2533 sunt,
562 2452 712 2542 quaein
747 2458 839 2520 tanta
877 2449 1096 2541 reliquiarum
1134 2449 1281 2542 penuria

174 2564 215 2636 ad
242 2565 337 2658 leges
365 2572 400 2635 et
423 2565 579 2635 licentias
618 2565 847 2656 antiquissimi
883 2562 1116 2635 Romanorum
1155 2581 1282 2632 versus

173 2677 394 2748 illustrandas
421 2677 588 2768 colligere
615 2680 722 2771 potui.
752 2676 848 2762 Quae
886 2699 962 2747 cum
994 2678 1078 2747 satis
1111 2675 1283 2770 explicata

174 2814 254 2863 esse
279 2792 472 2878 videantur,
501 2794 567 2861 iam
595 2815 613 2860 a
641 2791 786 2884 singulis
806 2791 965 2863 versibus
983 2791 1024 2861 ad
1043 2813 1161 2862 eorum
1179 2812 1282 2861 com-

174 2908 353 3001 plexiones
371 2916 596 2978 transeamus.
609 2904 721 2999 Atque
740 2911 775 2977 in
792 2904 980 2977 maioribus
998 2903 1173 2999 operibus,
1191 2925 1283 2998 qua-

174 3023 220 3095 lia
246 3032 342 3094 erant
367 3021 453 3092 Livii
480 3020 667 3090 Andronici
695 3019 831 3093 OdIssia
859 3029 893 3092 et
912 3021 1035 3093 Naevii
1055 3018 1189 3089 Bellum
1206 3017 1282 3088 Pu-

174 3140 307 3224 nicnm,
334 3135 473 3207 dubium
504 3156 572 3205 non
598 3143 664 3219 est,
693 3139 775 3227 quin
801 3134 964 3207 versiculi
989 3133 1082 3204 nullo
1108 3140 1201 3203 certo
1219 3153 1284 3203 or-

175 3253 255 3325 dine
280 3252 464 3323 observato
497 3250 584 3322 alins
611 3250 713 3320 alium
739 3252 956 3344 exceperint.
993 3247 1032 3319 ln
1064 3243 1285 3319 brevioribus

176 3377 286 3440 autem
315 3370 545 3438 monumentis
570 3369 668 3436 varia
701 3365 973 3458 complexionum
1002 3359 1142 3434 artificia
1175 3381 1285 3455 appa·

176 3489 265 3554 rent.
305 3479 392 3552 Nam
434 3481 634 3574 plerumque
677 3480 982 3550 animadvertimus
1018 3477 1119 3549 binos
1158 3495 1284 3547 versus

177 3598 423 3668 sententiarum
450 3595 589 3665 vinculo
615 3603 689 3664 arte
719 3596 808 3664 inter
832 3615 869 3663 se
895 3592 1094 3672 cohaerere,
1127 3610 1194 3681 quo
1225 3590 1286 3658 in·

176 3710 309 3782 terdnm
336 3718 496 3782 constans
536 3709 649 3802 aliqua
687 3715 722 3778 et
759 3715 924 3803 perpetua
962 3705 1093 3777 formae
1131 3705 1285 3775 varietas

179 3826 328 3899 accedat.
359 3826 553 3918 Scipionum
581 3824 717 3918 quidem
742 3823 856 3915 elogia
881 3825 995 3893 omnia
1020 3822 1066 3891 ita
1087 3842 1126 3891 se
1144 3815 1284 3927 halent,

177 3950 251 4013 ute
276 3945 383 4012 ternis
408 3939 569 4012 binorum
595 3960 765 4010 versuum
793 3936 942 4031 strophis
962 3942 1123 4006 constare
1136 3930 1285 4004 videan-

179 4063 245 4127 tnr.
264 4054 372 4127 Recte
389 4059 480 4126 enim
498 4054 671 4126 iudicasse
689 4050 836 4123 arbitror
852 4049 1104 4120 Buechelerum
1121 4054 1157 4117 et
1168 4047 1286 4142 Spen-
