2746 4530
661 293 706 365 tt

130 507 220 578 aiter
246 531 309 601 per
335 531 388 592 se,
417 507 517 591 alter,
554 507 760 602 crhptbmo
789 517 1072 600 cognosceretur,
1113 507 1245 579 dixisse

128 627 214 719 satis
242 634 315 709 est,
356 625 416 696 sed
443 624 508 695 boo
534 647 670 718 quoque
697 634 832 720 oportet
857 624 1136 709 consideremus,
1178 646 1243 693 ae-

127 749 229 811 centu
256 741 313 811 vel
339 749 438 812 acuto
467 741 526 810 vel
552 744 654 833 gravi
681 781 725 794 -
758 764 840 810 nam
865 738 1112 809 circumflexus
1138 761 1242 809 com-

126 857 261 950 positos
279 864 332 927 est
359 896 404 908 -
431 878 536 926 unam
563 878 698 926 moram
727 854 830 946 affici,
860 858 926 925 ictu
956 862 1070 924 autem
1097 857 1243 924 metrico

126 973 237 1041 etiam
263 969 348 1040 duas
374 969 543 1056 veltres,
573 980 608 1041 ut
634 974 668 1041 in
695 993 826 1062 genero
844 968 1000 1066 ἡμιολίῳ,
1022 972 1056 1039 in
1074 992 1140 1062 quo
1158 991 1245 1064 pro-

126 1083 229 1156 ducta
257 1092 292 1154 et
316 1082 434 1156 brevis
468 1108 549 1157 sese
584 1088 798 1179 excipientes
833 1084 895 1156 snb
929 1089 1007 1154 ictu·
1032 1093 1121 1154 sunt.
1177 1083 1246 1154 Sed

126 1220 212 1268 cum
250 1198 292 1268 de
332 1208 475 1288 accentu
512 1197 725 1270 Germanico
761 1182 923 1290 agamus,
965 1200 1065 1290 gravi
1104 1206 1245 1268 accentu

128 1315 277 1400 amiss0,
305 1315 433 1409 quippe
460 1317 519 1406 qui
546 1315 680 1385 medius
707 1315 842 1408 quidam
870 1318 913 1385 sit
937 1318 1027 1384 inter
1053 1321 1185 1382 acutum
1212 1320 1247 1383 et

128 1425 304 1523 syllabam
336 1426 465 1511 ἄτονον,
506 1429 548 1499 de
577 1439 677 1499 acuto
704 1429 890 1524 loquamur
914 1450 1062 1499 necesse
1088 1436 1155 1513 est,
1189 1429 1245 1496 cui

126 1542 232 1612 otiam
250 1539 309 1611 ilie
329 1551 505 1627 accentum,
535 1551 571 1612 ut
590 1547 635 1612 ita
654 1543 780 1628 dicam,
809 1543 1048 1627 secundarius,
1078 1544 1134 1635 qui
1153 1544 1246 1612 iuxta

126 1658 332 1751 primarium
357 1678 448 1727 nunc
467 1679 601 1749 quoque
628 1661 663 1727 in
682 1661 878 1752 compositis
897 1654 1148 1728 Germanorum
1173 1679 1245 1727 vo-

126 1768 264 1873 cabulis
287 1771 432 1857 auditur,
456 1772 561 1842 multo
592 1775 738 1844 similior
751 1770 873 1858 tuisse,
904 1794 1006 1865 quom
1032 1769 1244 1844 Graecorum

128 1892 166 1958 et
188 1884 422 1957 Romanorum
458 1890 557 1978 gravi
584 1888 836 1958 existimandus
859 1895 923 1958 est.
945 1885 1115 1958 Dicebant
1140 1889 1247 1978 igitur

129 1994 296 2072 Germani
331 2003 406 2071 sine
438 2000 632 2073 offensione
662 1994 819 2088 ιεέιοιιιι,
848 2000 977 2086 ddrbd,
1005 1998 1140 2073 orbati
1110 2008 1184 2087 too,
1213 2008 1249 2074 ut

130 2114 168 2185 in
192 2113 352 2210 pluribus
376 2114 515 2209 opilabis
544 2116 709 2211 deinceps
736 2119 964 2201 accineretur,
1000 2117 1130 2186 scilicet
1155 2139 1248 2209 quo-

128 2223 358 2322 tremunqne
406 2233 499 2324 prior
542 2229 672 2324 syllaba
710 2232 768 2302 vei
814 2240 933 2301 natura
974 2231 1033 2300 vel
1077 2233 1248 2323 positione

131 2340 405 2437 producebatur:
435 2347 488 2417 sin
515 2352 628 2415 autem
655 2344 919 2440 corripiebatur,
948 2365 1121 2439 nunquam
1148 2343 1249 2414 aliter

133 2456 336 2527 accinebant
364 2467 467 2553 atque
486 2457 617 2552 spiiaba
637 2459 885 2545 intercedente,
914 2467 951 2530 ut
974 2459 1122 2554 wdroiti,
1147 2460 1252 2547 [dte-

133 2572 203 2642 rds.
241 2566 298 2643 Ex
324 2593 391 2664 quo
417 2571 577 2657 efficitur,
613 2582 650 2643 ut
675 2571 867 2645 Germanos
900 2595 1073 2666 nunquam
1099 2576 1133 2643 in
1159 2573 1251 2644 dua·
1362 2600 1366 2609 ·

135 2680 202 2757 bus
227 2688 336 2758 moris
363 2686 528 2780 deinceps
558 2689 751 2758 accinuisse
779 2687 945 2758 dicamus
1005 2685 1091 2757 Nam
1123 2689 1190 2756 nisi
1217 2690 1251 2757 in

138 2802 254 2897 priore
273 2800 494 2920 productae
498 2822 592 2870 mora
620 2808 781 2870 accentus
809 2802 939 2894 positus
966 2809 1073 2884 esset,
1108 2801 1252 2892 quomi-

138 2934 202 2986 nus
219 2915 375 2987 dicerent
391 2892 529 2986 wdrolt
500 2924 542 3003 ιι,
567 2905 719 3008 eripede,
760 2915 840 3008 quid
872 2916 1122 3010 impediturum
1146 2914 1254 2988 brisso

141 3030 411 3103 existimamus?
463 3029 562 3104 Mora
596 3035 699 3123 igitur
732 3032 802 3118 vei,
839 3034 980 3102 crimin
1007 3030 1255 3104 Germanorum

141 3164 300 3219 sermone
326 3146 411 3217 nihil
438 3151 483 3220 sit
510 3147 600 3241 quod
626 3146 790 3240 producta
825 3151 976 3241 ipserum
1003 3145 1143 3216 duarum
1171 3168 1255 3217 cor-

142 3270 312 3361 repturum
339 3264 484 3355 spatium
513 3283 684 3354 aequasse
701 3262 873 3346 videatur,
903 3261 1120 3332 intervalium
1141 3260 1256 3354 quod-

142 3371 215 3449 dnm
247 3369 406 3471 quamvis
442 3374 553 3446 breve
580 3376 666 3446 duos
693 3384 871 3459 accentus,
914 3379 970 3468 qui
1005 3379 1090 3446 ictus
1123 3376 1257 3444 metrici

143 3506 281 3563 nubere
317 3488 573 3584 fungebantur,
616 3492 718 3559 etiam
756 3489 845 3583 apud
872 3486 1064 3558 Germanos
1104 3490 1193 3558 inter
1219 3508 1258 3558 so

99 3698 104 3709 Ι
144 3602 324 3705 ”parabat
381 3602 477 3692 Quod
505 3626 586 3673 cum
614 3607 658 3673 ita
685 3605 742 3688 sit,
771 3625 940 3675 versuum
966 3600 1257 3673 Germanicorum

145 3719 324 3793 similitudo
349 3741 420 3791 non
461 3719 593 3804 suadet,
629 3718 689 3789 sed
725 3717 895 3811 probibet,
925 3739 968 3788 ne
996 3720 1029 3788 in
1054 3738 1160 3787 vorsu
1187 3714 1258 3786 Sa-

145 3838 250 3909 ιιιιιιῑο
299 3845 438 3931 praeter
482 3835 631 3906 duarum
683 3857 809 3904 vocum
859 3831 1076 3904 intervalium
1127 3819 1256 3902 thesim

147 3955 248 4026 omitti
273 3974 381 4049 posse
408 3955 605 4046 opinemur,
635 3958 671 4020 ut
708 3948 932 4021 Ritscbeiiun.
971 3954 1158 4042 sequentes
1197 3946 1258 4015 ui-

148 4070 254 4144 tuum
281 4071 546 4165 epigrammatis
573 4064 696 4137 Sorani
722 4086 862 4137 versum
889 4067 934 4133 ita
960 4063 1135 4155 tegamus:
