2746 4530
696 272 744 345 lh

162 484 411 559 hemistichium
438 483 643 570 referuntur,
671 487 707 554 in
723 487 915 580 posteriora
932 485 1101 559 diaeresis
1125 509 1197 560 non
1222 490 1280 559 rui·

162 622 228 672 nus
254 603 454 692 requiritur,
483 600 559 685 sed,
588 623 664 669 curn
692 602 800 692 prima
827 599 934 670 thesis
960 603 1181 697 corripiatur,
1206 626 1279 675 vo-

162 738 221 786 ces
248 716 356 786 multo
383 714 552 787 difficilius
578 723 854 809 transponuntur.
895 713 1120 787 immorare
1142 719 1180 793 io
1210 740 1281 814 po-

163 832 311 911 steriore
337 831 506 901 diaeresis
531 826 639 900 multo
659 834 771 922 magis
790 829 998 902 observatur
1015 829 1283 924 frequentiora-

164 965 231 1036 que
257 951 336 1014 sunt
372 945 605 1039 productionis
645 954 690 1032 et,
732 945 824 1038 quod
862 968 925 1016 suo
958 946 1034 1017 loco
1064 947 1284 1037 videbimus,

165 1056 277 1129 hiatus
305 1060 475 1153 exempla.
504 1058 611 1146 Quam
639 1059 683 1131 ob
709 1084 780 1132 reni
808 1064 955 1155 optimus
982 1070 1036 1134 est
1049 1064 1284 1136 Metellorum

166 1175 223 1265 qui
249 1171 358 1243 fertur
383 1196 510 1246 versus

265 1324 390 1397 illalum
418 1326 546 1397 dabunt
569 1324 699 1397 Metelli
806 1325 941 1398 Naevio
967 1337 1090 1424 poetae
1150 1316 1160 1337 ²

168 1484 203 1546 et
228 1499 313 1570 quos
349 1477 477 1547 Atilius
508 1476 772 1549 Fortunatianus
812 1476 981 1549 stabulis
1020 1478 1288 1638 triumphalibus

168 1600 326 1688 sumptos
353 1615 432 1664 esso
459 1593 555 1679 dicit,

266 1742 432 1815 Summas
460 1766 544 1839 opes
571 1746 628 1835 qui
654 1766 775 1836 regum
886 1747 1003 1836 regias
1028 1742 1184 1837 refregit.

267 1841 392 1913 Duello
418 1864 544 1935 magno
570 1841 760 1914 dirinrundo
886 1839 1029 1934 regibus
1062 1841 1287 1937 subigundis.,

265 1940 388 2035 Fundit
410 1939 507 2031 lugat
532 1942 717 2033 prosternit
887 1942 1059 2010 maximas
1084 1940 1257 2034 legiones.

168 2087 295 2162 Contra
330 2112 438 2184 prope
463 2089 577 2160 nullus
604 2097 656 2159 est
680 2111 819 2174 versus,
849 2109 949 2180 quem
978 2086 1108 2159 diarius
1134 2092 1287 2162 Victori·

177 2227 243 2279 nus
269 2208 344 2299 ipse
370 2205 505 2275 videtur
530 2191 811 2299 exempli'causa
837 2201 1000 2289 linxisse,

219 2355 309 2429 Cum
334 2359 443 2426 victor
467 2353 599 2424 Lemno
625 2354 773 2424 classem
882 2351 1050 2423 Doricam
1076 2354 1281 2448 appulisset.

171 2505 268 2593 Quae
294 2508 523 2601 excipiuntur,
552 2508 586 2574 in
614 2508 728 2600 priore
755 2502 975 2575 hemistichio
1007 2502 1092 2574 haec
1118 2510 1210 2590 sunt,
1239 2503 1286 2578 de

171 2622 294 2716 quibus
320 2622 456 2716 quidem
482 2621 629 2694 dubitari
653 2623 782 2712 nequit.
809 2618 849 2690 ln
874 2620 912 2689 L.
942 2618 1113 2713 Scipionis
1144 2618 1286 2692 Barbati

170 2736 230 2810 lilii
256 2740 383 2830 elogio:

277 2890 434 2961 Lucrum
460 2891 653 2980 Scipionem
775 2883 870 2957 filios
895 2883 1052 2970 Barbati,

172 3040 262 3135 qnod
290 3041 548 3110 excusationem
574 3034 678 3107 habet
703 3037 849 3107 nominis
882 3035 1028 3129 proprii.
1059 3029 1163 3128 Apud
1186 3031 1286 3128 Nae-
1322 3075 1326 3081 ·

176 3178 284 3227 vrum:

220 3307 295 3378 Urit
321 3304 506 3401 populatur
530 3310 656 3386 vastat,
766 3324 839 3370 rem
864 3299 1023 3371 hostium⁴
1045 3302 1243 3371 concinnat.

176 3453 269 3525 Tum
296 3455 456 3526 eiusdem
483 3475 621 3539 versae,
650 3453 711 3524 sed
739 3476 759 3523 a
786 3451 919 3524 Merula
945 3449 1104 3521 traditus:

272 3607 326 3675 Sic
353 3604 460 3676 Poeni
485 3607 752 3700 contremiscupt
861 3595 1005 3668 artubus
1030 3600 1196 3669 unorsim.

174 3759 350 3834 Posterius
376 3757 644 3830 hemistichium
669 3756 817 3829 diaeresi
843 3756 939 3823 caret
965 3752 1000 3821 in
1041 3747 1183 3823 Caecilii·
1207 3752 1286 3825 elo-

172 3876 245 3970 gio·

80 4025 83 4031 ’
197 4019 349 4116 Hospes,
377 4029 512 4114 gratum
537 4030 604 4101 cst,
632 4041 730 4115 quom
749 4016 838 4114 apud
864 4039 961 4093 meus
1040 4017 1252 4196 srodstitisiai

1060 4132 1101 4181 ec
1125 4133 1163 4182 es
