3034 4704
695 311 739 384 23

164 525 207 597 Et
232 523 348 620 paullo
375 530 462 618 post:

269 669 412 768 Πρῶτος
427 671 507 766 ἦτον
523 673 540 741 ὁ
559 667 734 766 Παντουῆς
751 672 768 740 ὁ
786 671 899 746 κόντος
914 675 975 766 τῆς
993 653 1197 770 Φιλάνδρῇς.

164 799 329 892 Trimetri
363 829 481 902 autem
506 843 682 913 nunquam
706 823 741 891 in
766 841 874 890 unum
899 841 1045 890 versum
1071 821 1275 913 conflantur,

164 936 225 1006 sed
251 957 393 1030 semper
426 939 471 1006 ita
497 938 761 1026 coniunguntur,
801 941 838 1002 ut
874 955 1000 1005 versus
1039 935 1162 1028 longus
1201 935 1273 1008 fiat.

84 1071 87 1076 ¹
164 1047 261 1134 Quod
286 1070 398 1141 genus
424 1056 478 1120 est
505 1048 753 1119 Scandinavica
780 1045 1047 1134 Drottlrvaedhi,
1069 1072 1157 1144 quae
1175 1054 1221 1122 ita
1239 1075 1277 1126 se

163 1161 280 1234 habet:

208 1257 378 1364 Fisumst
402 1273 480 1345 hins
505 1281 539 1344 at
563 1273 690 1358 hatita,
730 1271 836 1344 Heim
863 1273 990 1364 lrjc‘idhn
1017 1281 1096 1372 mer
1122 1274 1224 1364 disir,

162 1399 196 1460 et
220 1391 403 1460 Saxonum
417 1389 648 1482 Anglicorum
674 1410 798 1460 versus
817 1391 949 1484 apicus,
966 1413 1106 1482 querna
1128 1391 1278 1464 Scandi-

162 1509 262 1576 navis
292 1503 457 1574 videntur
483 1506 673 1599 accepisse.
1061 1507 1065 1516 '
1131 1492 1137 1501 ’

210 1617 312 1689 Idem
342 1615 415 1688 fere
440 1624 608 1704 metrum,
636 1616 697 1687 sed
723 1615 839 1712 paullo
879 1619 1039 1690 severius
1073 1616 1278 1690 conforma-

163 1741 251 1817 turn,
293 1735 454 1825 quamvis
480 1731 523 1802 ad
560 1729 765 1826 syllabicam
791 1731 880 1826 quod
907 1731 1028 1802 dicitur
1052 1733 1278 1806 versificandi

69 1897 76 1935 ,
165 1869 281 1939 genus
308 1846 502 1931 inclinetur,
531 1847 565 1915 in
593 1843 776 1918 Slavorurn
804 1845 1067 1918 occidentalium
1097 1849 1278 1920 cantilenis

153 1962 419 2057 frequentatur,
449 1984 596 2056 quarum
621 1964 824 2034 notissimus
858 1971 911 2034 est
946 1961 1158 2037 Polonorum
1185 1963 1279 2036 Kra-

170 2075 332 2149 kowiak.
362 2075 526 2172 Exempli
552 2077 627 2149 loco
665 2075 876 2149 Bohemicae
914 2078 1106 2150 cantilenae
1143 2083 1279 2151 initium

171 2213 357 2286 apponam:

275 2339 368 2412 Mela
399 2361 472 2412 sero
499 2338 670 2410 holaublra
745 2339 777 2410 V
803 2339 914 2412 truhle
940 2343 1165 2427 nawieueho,

279 2454 332 2526 On
359 2459 405 2526 mi
430 2461 509 2548 gest
536 2447 637 2527 uteret
756 2457 813 2526 Do
838 2449 918 2550 pol'e
943 2455 1068 2546 tjrehu

168 2603 267 2690 Quod
293 2609 438 2674 metrum
464 2625 564 2697 quam
582 2607 756 2696 antiquum
775 2607 832 2690 sit,
852 2604 932 2675 inde
949 2605 1171 2698 intellegitur,
1192 2607 1280 2700 quod

164 2740 233 2791 non
260 2717 362 2787 modo
387 2721 521 2809 integra
549 2715 703 2812 Zbyhoni
728 2717 867 2802 caedes,
897 2717 957 2788 sed
984 2701 1280 2812 etiarn⁸antiquis-

166 2836 247 2905 simi
263 2833 418 2903 eiusdem
432 2831 646 2902 collectionis
661 2830 966 2903 Orelodvoriensis
985 2837 1170 2926 poematis,
1189 2833 1293 2926 quod-

165 2953 218 3019 est
244 2946 287 3016 de
313 2943 444 3015 Zaboio
471 2952 506 3015 et
531 2943 683 3029 Sluvoio‚
711 2948 854 3016 nonita
884 2949 985 3041 pauci
1018 2946 1084 3017 loci
1117 2969 1159 3018 eo
1191 2971 1280 3020 con-

165 3062 253 3154 cepti
281 3066 370 3129 sunt.
402 3057 482 3144 Sed,
512 3058 600 3152 quod
627 3061 766 3144 mirere,
796 3058 918 3130 eodern
944 3081 1088 3131 numero
1108 3064 1141 3130 in
1159 3083 1280 3133 remo-

166 3174 308 3244 tissimis
327 3171 421 3243 orbis
438 3181 607 3244 terrarum
625 3169 762 3257 finibus,
784 3171 859 3242 dico
878 3174 912 3240 in
932 3170 1116 3246 Americae
1136 3175 1280 3246 meridi-

165 3307 251 3356 anae
292 3285 440 3378 quadem
478 3292 589 3379 parte,
618 3283 702 3355 nihil
740 3286 897 3355 usitatius
937 3291 1038 3376 atque
1075 3268 1195 3358 tritius
1212 3275 1276 3358 est.

165 3398 218 3469 Ad
244 3399 390 3470 eundern
417 3402 507 3470 enirn
534 3398 669 3468 modurn
695 3397 844 3468 Yaravls
871 3420 889 3466 a
915 3385 1123 3469 Peruvianis
1148 3399 1282 3472 decan-

167 3519 257 3582 tatae
282 3514 491 3606 compositae
518 3520 609 3597 sunt,
638 3533 782 3605 quarum
809 3514 946 3604 species
978 3511 1063 3582 haec
1089 3521 1155 3584 est:

194 3741 197 3749 ,
314 3659 462 3751 Pajarito
488 3662 595 3732 verde
810 3647 924 3730 Peche
950 3659 1124 3748 colorad0‚

313 3775 384 3847 Eso
410 3784 445 3847 te
470 3777 597 3847 sucedo
812 3773 880 3845 Por
908 3775 1126 3864 enamorado.

171 3923 239 3996 seu
265 3924 351 3994 haec
378 3932 519 3996 accentu
539 3928 691 3997 nituntur
707 3946 821 4017 neque
838 3924 937 3994 aliam
957 3923 1000 3996 ob
1019 3946 1157 3996 causam
1176 3948 1195 3995 a
1212 3946 1282 3996 uo-

170 4038 224 4109 bis
259 4037 395 4133 prolata
422 4046 513 4124 sunt,
541 4061 645 4133 quam
671 4046 708 4108 ut
733 4060 788 4127 ea,
808 4059 896 4132 quae
913 4037 956 4110 ud
973 4038 1193 4128 longitudinis
1210 4035 1282 4108 uit-
