2746 4530
666 288 711 366 84

241 497 375 575 Briouas
401 501 575 589 rubricae,
603 526 684 576 cara
709 528 815 578 omne
837 509 961 601 eorpus
987 510 1123 579 intinxit
1146 507 1218 580 tibi.

135 651 293 745 Denique
320 651 416 722 idem
442 652 527 723 dixit
553 651 653 724 Oura.
682 652 742 741 Ill,
772 656 807 743 1',
834 657 880 729 23
909 657 1027 752 (393);

241 802 294 874 De
321 797 491 874 Cielitum
516 809 676 908 prosapia
702 758 842 879 messe
869 806 1030 896 arbitror,

134 975 332 1048 quanquam
358 954 622 1050 Ennius-qni
649 956 744 1029 loeus
770 967 825 1029 est
847 962 881 1028 iu
908 957 1076 1030 Varronis
1101 958 1144 1031 da
1170 959 1241 1030 lin-

134 1093 203 1163 gua
230 1071 333 1141 latina
360 1070 863 1158 VH,71Huell.-inversu
890 1072 996 1146 heroo
1025 1077 1242 1169 correptione

132 1207 215 1257 usus
242 1194 296 1255 est
320 1190 381 1258 sio:
587 1212 589 1217 ’
1116 1223 1119 1231 ·

343 1334 465 1406 decem
492 1334 656 1423 Coclites,
671 1349 773 1430 ³quas
799 1334 967 1407 montibu'
991 1336 1142 1408 summis

240 1484 382 1580 Ripaeis
408 1483 538 1557 fudere.

131 1653 191 1724 Sin
217 1655 419 1724 coniecturis
447 1652 626 1746 indulgere
654 1654 745 1738 iicet,
784 1656 903 1725 nescio
942 1674 984 1722 an
1017 1651 1127 1722 Plauti
1150 1673 1239 1722 ver-

130 1791 202 1848 sus,
230 1769 287 1860 qui
314 1776 366 1837 est
391 1765 492 1838 Host.
522 1766 549 1852 1,
579 1768 614 1851 2,
645 1768 686 1840 31
715 1767 803 1859 (112
829 1764 890 1855 R.,
920 1765 987 1836 107
1016 1768 1129 1851 Lori:

237 1933 349 2026 Tigna
375 1932 566 2028 putrefacit,
595 1935 706 2029 perdit
730 1957 875 2030 operam
899 1931 1001 2047 fabri,

130 2099 257 2194 probus
285 2103 329 2170 sit
354 2108 554 2172 tetrameter
578 2104 740 2188 orations,
780 2105 899 2195 utqui
925 2102 1083 2194 utrinque
1109 2099 1237 2192 legun-

133 2223 198 2284 tur.
228 2214 266 2285 ln
292 2215 570 2309 pretereuntem
597 2239 761 2289 sermone
787 2238 891 2310 quam
917 2236 1032 2308 neque
1057 2213 1141 2284 haec
1166 2236 1236 2285 na-

128 2351 193 2421 que
220 2329 275 2397 ilia
303 2333 390 2401 ratio
417 2332 547 2414 vicerit,
577 2331 728 2402 declarat
743 2330 942 2422 linguarum
962 2327 1234 2398 Romanensium

127 2451 301 2528 accentus,
331 2446 427 2515 cuius
455 2448 606 2536 positura
633 2444 751 2515 multis
777 2446 812 2515 in
838 2443 956 2516 verbis
995 2451 1068 2513 tam
1095 2445 1234 2536 antiqua

127 2569 192 2644 est,
220 2570 255 2631 ut
280 2562 412 2640 vocalis
437 2565 619 2633 immutata
657 2565 712 2632 sit.
746 2561 863 2654 ltaque
900 2561 1049 2632 latinum
1088 2564 1235 2652 penetro

127 2677 214 2769 apud
241 2674 344 2746 Italos
370 2675 499 2746 iactum
526 2685 579 2748 est
599 2679 763 2769 pene'tro,
791 2697 855 2770 pro
879 2674 1027 2746 colubro
1044 2675 1150 2746 iidem
1176 2676 1234 2746 di-

126 2796 206 2857 cunt
238 2788 393 2875 colubra,
433 2788 653 2881 Franoogaiii
691 2790 893 2880 cauteriare,
930 2811 991 2883 pro
1016 2789 1133 2860 ulnera·
1158 2789 1233 2862 ltaii

109 2904 272 2997 utie'pro,
301 2903 444 2999 Hispani
470 2907 604 2997 utapro,
632 2927 695 3000 pro
720 2905 871 2976 te‘ntbria
896 2903 1039 3001 Hispani
1064 2905 1229 2977 ueniente.

125 3015 197 3086 ltaii
225 3026 350 3103 autern,
379 3039 574 3110 quanquam
603 3020 800 3090 Romanum
839 3028 1020 3090 accentum
1056 3027 1174 3090 tenent
1197 3020 1233 3089 in

125 3132 176 3203 iris
201 3133 357 3220 tenebre,
386 3133 537 3222 latebra,
563 3136 735 3224 uertebra,
761 3137 919 3220 cerebro,
955 3136 1105 3220 celebre,
1141 3157 1232 3206 eun·

125 3247 204 3317 dem
232 3255 402 3318 mutarunt
427 3252 461 3317 in
489 3248 552 3320 hoc
574 3250 761 3342 patpetre,
790 3253 887 3320 onius
914 3249 1031 3321 simile
1049 3247 1232 3320 esiFran-

124 3359 325 3452 eogaiiirunr
349 3366 537 3454 ponpiere,
565 3385 678 3456 neque
703 3365 792 3436 bona
830 3367 929 3435 vocis
954 3364 1092 3452 feretro
1117 3385 1232 3433 voan-

124 3473 202 3544 iatio
229 3475 392 3568 impediit,
408 3498 453 3547 ne
471 3478 677 3570 positionem
704 3476 850 3548 debilem
870 3487 1096 3570 sequerentur
1120 3480 1154 3547 in
1172 3498 1229 3563 eu,

123 3589 211 3681 quod
238 3597 291 3658 est
316 3590 464 3677 faretra.
493 3591 671 3683 Ioteprnm
710 3601 835 3674 autem,
873 3595 970 3663 cuius
1009 3592 1157 3663 secunda
1195 3596 1231 3664 iu

124 3703 261 3774 casibus
289 3703 437 3798 obliquis
462 3715 497 3776 et
523 3708 557 3776 in
584 3706 748 3778 derivatis
774 3707 939 3801 producta
966 3715 1019 3778 est
1037 3729 1056 3774 a
1074 3705 1232 3779 Lucretio

123 3817 150 3898 i,
180 3820 247 3889 927
277 3818 354 3910 (IV,
384 3821 437 3910 2),
465 3820 570 3908 1032,
607 3821 653 3910 ΙΙ,
680 3823 787 3908 1146,
815 3820 877 3904 Vl,
905 3821 989 3906 231,
1017 3818 1059 3891 ab
1086 3819 1231 3892 Horatio

127 3932 195 4003 Sat.
225 3932 271 4017 ΙΙ,
301 3934 335 4017 2,
366 3935 435 4005 113
461 3943 495 4004 at
521 3936 557 4020 4,
585 3936 644 4020 54,
674 3959 694 4006 a
720 3936 878 4028 Vergilio
903 3935 979 4006 Eoi.
1008 3938 1044 4020 4,
1074 3938 1109 4019 5,
1139 3933 1230 4020 aiibi,

126 4056 160 4117 et
184 4047 257 4119 itali
285 4057 319 4118 et
343 4047 487 4143 Hispani
513 4059 546 4121 et
572 4050 787 4144 Franoogalli
825 4059 966 4122 accentu
993 4057 1147 4145 promoto
1172 4047 1231 4118 di·
