2746 4530
652 254 702 335 381

129 470 218 565 apud
237 467 408 541 Catonem
425 464 470 536 R.
493 464 536 536 R.
556 452 639 551 133,
669 469 689 537 2
715 467 841 558 legitur
866 471 980 537 macte
1002 471 1085 544 eino
1107 470 1238 556 inlecto

127 590 217 667 esto,
238 584 271 655 id
291 581 379 674 apud
398 577 595 653 Arnohium
606 579 673 653 VII
685 581 815 655 tutuo
833 583 1000 674 scriptum
1019 588 1091 652 ost:
1112 587 1239 656 macta·

126 697 192 776 ltoc
205 701 287 768 vino
305 696 445 783 inserto.
458 698 547 777 esto,
569 703 670 786 atque
685 697 718 764 in
733 693 859 769 eodem
874 692 1014 770 Catonis
1028 693 1118 767 libro
1132 695 1241 790 paullo

126 820 206 909 post
224 811 308 897 134,
332 810 350 882 3
371 810 415 881 de
433 807 526 881 love
543 810 672 881 dictum
690 817 744 880 est
759 813 894 879 moetus
910 807 1122 896 laesereto,
1143 810 1176 882 id
1195 817 1244 882 est

128 926 333 1006 honoratus.
376 923 563 995 Praeterea
580 930 712 995 moetus
736 923 986 1009 dimmittere,
1009 925 1100 1017 quod
1118 925 1246 1001 vulne·

128 1050 236 1126 ratus,
258 1048 295 1109 ut
312 1038 399 1135 apud
418 1037 619 1109 Lucretium
636 1037 683 1124 V,
701 1037 793 1111 1339
809 1036 1028 1135 boues-lucae
1040 1040 1144 1127 [arro
1157 1038 1246 1110 mule

127 1159 279 1226 mactae.
324 1152 392 1224 Sed
419 1153 479 1224 vel
496 1152 560 1225 hoc
584 1156 704 1248 ipsum
723 1160 884 1226 tractore
902 1155 977 1228 sine
1001 1178 1057 1242 eo,
1086 1156 1177 1250 quod
1196 1163 1248 1228 est

129 1277 279 1356 mactus,
308 1269 384 1341 lieri
408 1292 477 1340 non
501 1252 654 1363 poterat:
688 1268 817 1339 factum
842 1278 896 1342 est
919 1273 1026 1356 enim,
1054 1279 1092 1341 ut
1116 1271 1248 1343 adicio

128 1389 290 1471 dictare,
320 1408 339 1456 a
358 1390 455 1456 iacto
472 1390 623 1471 ductore,
654 1409 672 1455 a
691 1393 808 1456 tracto
826 1392 999 1457 tractore.
1048 1387 1116 1458 Est
1132 1395 1249 1458 autem

128 1506 264 1573 mactus
282 1502 502 1595 participium
521 1498 664 1592 perlecti
683 1504 815 1593 passivi
834 1509 869 1571 ct
883 1524 902 1570 a
916 1501 1031 1572 radice
1044 1523 1140 1592 may,
1161 1521 1250 1594 qnae

130 1617 224 1688 idem
245 1623 310 1701 est,
328 1614 418 1708 qrrod
432 1617 641 1684 sanseritum
654 1613 735 1683 malr
749 1636 924 1700 crescere,
945 1624 980 1686 et
992 1638 1012 1685 a
1026 1615 1144 1687 radice
1157 1636 1248 1700 moe>

129 1732 220 1802 unde
239 1728 328 1800 facta
346 1737 424 1799 sunt
440 1750 566 1821 graeca
594 1727 752 1822 μάχομαι,
782 1727 940 1825 μάχαιρα,
962 1721 1124 1801 nostrum
1140 1733 1248 1814 arena,

129 1845 233 1915 latina
252 1842 435 1911 macellum
449 1850 483 1912 et
496 1865 650 1940 medere,
672 1842 760 1933 quod
777 1846 811 1912 in
824 1840 969 1914 Liuiano
983 1843 1134 1938 quodam
1148 1841 1251 1934 frag-

130 1966 253 2029 mento
284 1962 401 2026 inesse
431 1956 578 2027 Ursinus
611 1960 791 2046 ingeniose
824 1961 1017 2050 suspicatus
1048 1965 1114 2027 est.
1181 1955 1250 2027 Sed

130 2077 294 2168 qnoniam
316 2071 425 2141 multa
442 2073 700 2165 participiorum
718 2072 896 2161 exempla,
923 2080 960 2142 ut
978 2072 1109 2143 slavica
1127 2077 1249 2160 eduma

130 2195 167 2262 ei
180 2191 322 2282 potent,
343 2188 547 2276 germanica
564 2185 714 2276 pentalli
733 2193 767 2256 et
783 2185 977 2276 percellere,
1000 2186 1135 2278 anglica
1152 2185 1251 2279 delpl

133 2301 324 2396 etdolpeu,
354 2309 540 2394 utramque
566 2304 854 2372 terminationem
883 2309 918 2370 et
947 2306 984 2371 to
1018 2309 1053 2371 et
1077 2321 1125 2370 oo
1152 2301 1250 2376 idem

130 2415 332 2509 significare
363 2416 498 2500 docent,
542 2418 709 2508 sequitur,
750 2424 788 2485 ut
817 2423 953 2486 reactus
970 2414 1057 2486 lere
1082 2415 1178 2486 idem
1206 2417 1251 2489 sit

132 2539 234 2626 atque
260 2554 421 2624 clupeus,
450 2530 525 2616 sed,
555 2538 591 2600 ut
616 2530 780 2623 exempla
802 2529 1052 2614 demonstrant,
1082 2529 1252 2623 participii

132 2644 384 2738 significatione
411 2645 539 2714 melius
569 2653 787 2716 conservata.
822 2643 961 2714 Muclus
987 2645 1090 2735 igitur
1116 2642 1252 2716 donoro

131 2768 187 2838 est
211 2761 340 2833 honore
367 2769 506 2846 auctus,
537 2783 667 2852 augere
695 2767 812 2829 autem
839 2758 991 2852 aliquem
1018 2758 1148 2831 honore
1175 2755 1253 2831 Ro·

132 2880 229 2954 mani
256 2879 465 2966 saepissime
491 2876 664 2960 dixerunt,
686 2881 722 2943 ut
746 2870 870 2943 Graeci
895 2876 975 2968 τιμῇ
992 2896 1064 2940 τινα
1089 2869 1252 2965 ὀφέλλειν,

133 3014 199 3088 qua
226 2989 474 3082 significatione
499 2989 622 3059 cicero
649 2989 690 3059 de
717 3010 791 3081 rep.
813 2986 842 3073 Ι,
864 2988 909 3059 43
929 2987 1014 3058 dixit
1031 2988 1139 3057 etiam
1159 3006 1251 3054 mae·

132 3113 213 3181 tore
239 3103 441 3187 doctoribus,
482 3113 519 3172 ut
550 3110 704 3173 verteret
728 3101 880 3174 Platonis
914 3106 1029 3193 τιμᾶν,
1072 3099 1161 3192 quod
1196 3106 1253 3171 est

133 3218 425 3303 iuPotu.·V111,
455 3218 523 3290 562
552 3216 595 3288 D.
625 3217 759 3309 Itaque,
797 3239 877 3285 cum
905 3218 939 3286 in
970 3211 1251 3308 inscriptionihus

133 3334 390 3431 propemodum
420 3332 554 3405 nullum
581 3334 625 3401 sit
651 3331 824 3403 secundae
854 3329 961 3400 thesis
981 3327 1168 3421 productae
1183 3347 1253 3396 ox-

134 3447 308 3543 emplum,
338 3445 425 3541 apud
454 3453 573 3539 poetas
601 3452 720 3514 autem
739 3447 860 3515 nescio
880 3464 923 3514 an
949 3464 1071 3526 unum,
1101 3443 1253 3533 quicun-

134 3586 207 3657 que
228 3584 354 3634 versus
380 3562 507 3633 nullam
535 3560 639 3631 hahet
666 3559 837 3653 syllabam
863 3564 1077 3650 correptam,
1103 3575 1253 3648 corrup-

133 3677 225 3757 telae
252 3680 484 3771 suspitionem
510 3677 573 3745 vix
598 3681 713 3768 potest
737 3673 906 3764 elingere.

182 3791 317 3877 Restat,
346 3800 382 3861 ut
407 3791 567 3862 licentiae
595 3811 708 3882 genus
734 3804 1077 3866 commemoremus,
1107 3781 1251 3873 quodi!

5 3902 8 3909 ‘
136 3911 264 3987 soteris
288 3908 415 3978 metris
435 3911 471 3976 et
497 3902 641 3976 Graecis
660 3912 695 3979 et
710 3902 883 3978 Romanis
901 3902 985 3972 satis
1010 3918 1116 3989 saepe
1142 3910 1264 3967 usur-‘

135 4031 245 4120 petar.
310 4022 397 4094 Dico
436 4028 673 4114 correpturum
711 4016 975 4111 productionem
1014 4015 1049 4083 in
1083 4014 1153 4084 orsi
1184 4010 1254 4088 at·
