2746 4530
611 277 659 350 912

87 481 165 568 Vll,
193 486 276 558 419.
307 484 372 556 Sed
399 492 505 559 etium
531 510 705 561 consonae
740 491 853 565 finalis
891 519 968 569 cum
994 503 1188 595 insequenti

85 599 293 692 producendi
318 605 387 671 vim
413 623 482 673 non
508 600 681 692 habentis,
709 608 798 700 quod
831 632 941 703 genus
969 615 1057 709 apud
1082 615 1191 688 Plau-

83 721 159 782 tum
185 718 268 784 satis
294 714 361 786 late
387 725 676 815 patereconstut‚
704 745 812 795 unum
838 727 965 801 saltem
985 731 1217 826 exemplum

83 832 118 900 in
145 829 379 911 Barbatifilii
417 832 532 925 elogio
569 837 686 907 inesse
724 845 892 934 suspicor.
933 843 1085 931 Etenim,
1114 868 1190 917 cum

84 966 197 1037 neque
222 948 320 1015 tertia
348 951 449 1052 arsis,
477 951 508 1019 si
533 949 722 1022 diaeresim
748 965 825 1049 post
863 980 902 1028 se
937 958 1072 1046 habeut,
1102 961 1190 1032 solvi

86 1062 200 1153 possit
231 1081 343 1154 neque
382 1063 512 1135 vocalis
548 1074 628 1136 ante
664 1067 769 1140 dativi
807 1076 1092 1147 terminationem
1129 1075 1193 1146 bur

84 1176 248 1270 producte
274 1199 428 1270 unquam
455 1180 657 1273 appelletur,
687 1189 852 1277 sequitur,
892 1197 927 1259 ut
959 1212 1069 1283 neque
1095 1194 1192 1285 prio·

86 1312 145 1360 res
170 1289 261 1361 hene
287 1293 449 1382 legerint:

134 1475 245 1548 Dedet
271 1481 543 1575 tempestatibus
650 1487 727 1558 uide
753 1497 888 1560 mereto
916 1481 955 1591 [d
981 1483 1134 1594 votaml,

84 1684 199 1756 neque
226 1662 431 1759 Spengelius
457 1689 583 1738 verum
609 1672 792 1759 invenerit,
822 1697 897 1745 oum
930 1680 979 1747 sio
1004 1676 1192 1770 legendum

82 1799 163 1848 esse
188 1787 362 1849 censeret:

134 1962 247 2035 Dedet
270 1967 537 2060 tempestatebus
657 1971 733 2042 uide
760 1980 887 2044 mereto
915 1965 954 2075 [d
978 1967 1124 2077 rotam].

87 2149 179 2222 Nihil
206 2155 310 2244 igitur
348 2162 466 2241 restat,
506 2160 572 2227 nisi
599 2165 634 2228 ut
670 2158 825 2230 Plautino
851 2182 945 2232 more
972 2162 1142 2256 legamus:

138 2357 245 2426 Dedtit
269 2358 545 2452 tempestatehus
654 2359 729 2430 aide
757 2370 893 2432 mereto
921 2353 1129 2464 [lubenterl.

91 2560 262 2631 lubenter
289 2570 419 2647 autem,
447 2584 535 2655 quae
573 2561 772 2634 Grutelendi
809 2566 1003 2635 coniectura
1039 2572 1104 2648 est,
1133 2586 1196 2659 pro

90 2675 268 2746 Ritsohelii
294 2683 407 2747 cotom
434 2686 613 2772 propterea
641 2679 794 2774 suppleo,
823 2700 867 2749 ne
882 2676 1004 2763 thesis,
1033 2701 1101 2772 quo
1126 2701 1195 2750 non

91 2791 234 2876 debeat,
259 2792 335 2861 looo
371 2792 470 2864 desit.
500 2793 700 2889 Ceteraper
727 2816 765 2863 se
795 2796 977 2887 perspicua
1002 2801 1092 2863 sunt.
1124 2793 1196 2863 Boo

92 2910 182 2977 enim
212 2910 493 2979 terminationem
519 2912 702 3003 antiquitus
732 2908 933 3003 productam
958 2906 1066 2978 luisse
1092 2929 1196 3003 supra

91 3024 462 3108 commemoravimus,
491 3046 512 3092 e
538 3030 668 3106 autem,
696 3023 786 3116 quod
812 3025 847 3093 in
873 3023 988 3092 ultima
1014 3024 1110 3092 vocis
1128 3021 1197 3090 de-

91 3136 152 3206 det
177 3136 313 3230 syllaba
351 3145 416 3215 est,
456 3146 578 3208 natura
616 3160 685 3208 non
724 3140 834 3229 magis
878 3136 1080 3232 productum
1127 3141 1192 3219 est,

91 3273 195 3343 quam
222 3254 255 3321 in
282 3254 381 3323 vocis
406 3251 680 3344 tempestatebus
704 3250 923 3346 paenultima.
948 3248 1070 3344 Neque
1102 3252 1197 3319 enim

92 3374 232 3462 propter
258 3368 313 3437 illa
339 3369 483 3453 redicit,
513 3372 686 3461 acceptent,
710 3367 862 3458 posidet,
889 3375 989 3459 atque
1008 3369 1109 3436 etiam
1126 3364 1199 3453 suit

92 3481 320 3572 colligendum
347 3483 495 3568 videtur,
524 3487 639 3553 omnia
666 3481 835 3554 eiusmodi
860 3485 893 3552 in
909 3502 1015 3552 versu
1035 3479 1199 3550 Saturnio

95 3597 234 3691 produci
260 3596 403 3682 debere,
433 3598 494 3668 sed
520 3601 632 3693 potius
649 3620 779 3669 vocum
800 3594 1027 3666 iambicarum
1044 3594 1198 3664 ultimam

96 3733 164 3785 non
191 3736 291 3784 secus
318 3722 419 3806 utque
445 3718 480 3784 in
508 3718 632 3785 ceteris
671 3712 824 3784 eiusdem
851 3713 973 3781 aetatis
1011 3711 1131 3778 metris
1158 3707 1199 3778 ad

95 3831 344 3925 corripiendum
372 3833 490 3901 nescio
515 3828 688 3923 quomodo
715 3824 954 3921 procliviorem
979 3844 1071 3894 osse.
1101 3821 1229 3933 Ean--

97 3943 177 4015 dem
204 3947 465 4016 excusationem
491 3942 572 4014 illud
599 3943 734 4012 denunt
759 3938 898 4010 habehit
921 3941 956 4008 in
988 3936 1103 4008 tabula
1130 3935 1200 4008 So·

100 4080 197 4146 rana,
226 4060 315 4152 quod
353 4067 466 4129 tamen
504 4080 567 4152 per
606 4054 837 4151 pyrrhichium
874 4057 919 4124 itu
958 4052 1200 4148 appellandum
