2746 4530
652 280 698 352 ii

128 485 206 571 vn,
234 489 316 561 419.
347 488 413 560 Sed
440 495 546 562 etiam
572 512 746 564 consonae
781 494 894 569 linaiis
932 522 1008 572 cum
1035 505 1229 598 insequenti

126 602 334 696 producendi
359 608 427 674 vim
453 627 523 676 non
549 605 721 695 habentis,
749 612 840 703 qnod
871 636 983 705 genus
1010 617 1098 713 apud
1123 619 1231 691 Plau-

125 725 200 786 tum
226 722 309 788 satis
335 718 402 790 late
427 729 717 819 paterewconstat,
744 749 854 798 unum
879 729 1006 803 saltem
1031 735 1228 830 exemplum
1254 815 1257 823 ,

124 836 160 904 in
187 833 323 905 Barbati
341 910 343 914 ,
360 833 420 906 lilii
457 835 572 929 elogio
610 841 727 911 inesse
765 849 933 938 suspicor.
974 845 1126 934 Etenim,
1155 870 1231 919 oum

126 969 238 1040 neque
263 952 361 1019 tertia
389 954 490 1056 arsis,
518 955 549 1022 si
573 953 763 1026 diaeresim
789 968 867 1053 pust
904 982 943 1032 se
977 961 1113 1049 habeat,
1143 964 1231 1034 solvi

128 1066 240 1157 possit
272 1085 384 1158 neque
423 1067 553 1138 vocalis
590 1077 668 1140 aute
705 1070 811 1143 dativi
848 1079 1133 1151 terminationem
1171 1079 1234 1149 bue

126 1179 289 1273 producte
316 1203 469 1274 unquam
496 1184 698 1278 appelletur,
728 1192 893 1280 sequitur,
933 1199 968 1261 ut
1000 1215 1110 1286 neque
1135 1197 1232 1288 prio-

128 1315 186 1364 res
211 1293 302 1366 bene
328 1296 490 1387 legerint:

176 1479 287 1553 Dedet
313 1485 584 1578 tempestattbuis
691 1489 768 1561 aide
794 1501 929 1564 mereto
957 1484 997 1594 [d
1022 1486 1176 1596 votam],

126 1687 240 1759 nequa
267 1666 472 1762 Spengelius
498 1693 625 1741 verum
651 1677 833 1762 invenerit,
863 1700 937 1748 cum
971 1682 1020 1750 sic
1045 1680 1233 1773 legendum

124 1803 204 1852 esse
229 1790 403 1853 censeret:

176 1967 288 2039 Dedet
311 1971 578 2065 tempestatebus
698 1975 774 2045 aide
801 1984 929 2047 mereto
957 1968 995 2078 [d
1020 1970 1165 2080 votam}

129 2153 220 2226 Nihil
246 2159 351 2248 igitur
389 2166 507 2245 restat,
547 2163 614 2230 nisi
640 2170 676 2232 ut
711 2161 867 2234 Plautino
892 2185 987 2236 more
1013 2165 1183 2258 legamus:

179 2360 286 2430 Dedet
310 2361 586 2455 tempestatebus
695 2362 771 2434 aide
798 2373 934 2436 mereto
963 2356 1171 2467 [iubenuerl.

132 2564 304 2634 lubenter
331 2575 460 2651 autem,
489 2589 576 2659 quae
615 2565 813 2639 Groteiendi
850 2569 1044 2637 coniectura
1081 2574 1146 2652 est,
1173 2588 1236 2662 pro

132 2679 311 2751 liitschelii
335 2687 448 2752 colum
475 2690 655 2777 propterea
682 2683 836 2778 suppleo,
864 2681 1045 2764 nethesis,
1075 2704 1142 2775 quo
1167 2704 1236 2752 non

134 2794 275 2880 debeat,
301 2796 376 2866 loco
413 2797 512 2869 desit.
542 2795 664 2868 Cetera
678 2820 741 2892 per
769 2819 806 2867 sc
837 2798 1018 2892 perspicua
1043 2804 1133 2866 sunt.
1165 2795 1238 2865 Bou

134 2913 224 2981 enim
253 2914 534 2982 terminationem
561 2916 743 3006 antiquitus
774 2912 975 3007 productam
999 2909 1106 2982 fuisse
1133 2931 1237 3006 supra

132 3028 504 3111 commemoravimus,
533 3050 553 3095 e
579 3033 709 3111 autem,
738 3027 827 3121 quod
855 3029 888 3096 in
915 3026 1030 3096 ultima
1054 3028 1151 3094 vocis
1169 3024 1238 3093 de-

132 3140 194 3210 det
219 3140 354 3233 syllaba
392 3149 458 3218 est,
498 3150 620 3211 natura
658 3163 727 3213 non
767 3143 876 3233 magis
919 3138 1121 3235 productum
1168 3144 1234 3221 est,

132 3276 237 3348 quam
264 3258 297 3325 in
324 3258 422 3326 vocis
448 3256 722 3347 tempestalebus
746 3255 965 3349 paenultima.
990 3251 1111 3346 Neque
1142 3254 1239 3321 euim

134 3379 273 3466 propter
299 3371 356 3441 illa
381 3373 525 3456 redieil,
554 3376 728 3465 auspicati,
751 3371 903 3462 posidet,
930 3378 1030 3463 atque
1049 3370 1149 3438 etiam
1168 3366 1241 3455 [uti

134 3485 361 3576 colligendum
389 3486 537 3573 videtur,
566 3491 682 3557 omnia
708 3486 877 3557 eiusmodi
902 3489 1056 3555 inversu
1076 3482 1240 3553 Saturnio

137 3601 277 3695 produci
303 3601 445 3687 debere,
475 3603 535 3673 sed
561 3605 674 3697 potius
691 3623 821 3672 vocum
841 3597 1068 3670 iambicarum
1086 3597 1239 3666 nltimam

138 3737 205 3790 nou
232 3740 333 3789 secus
360 3726 461 3810 atque
487 3722 522 3789 in
549 3721 675 3789 ceteris
713 3715 866 3788 eiusdem
893 3715 1014 3784 aetatis
1052 3713 1172 3781 metris
1199 3709 1241 3780 ad

137 3835 385 3929 corripiendum
413 3837 531 3905 nescio
557 3831 729 3926 quomodo
758 3828 996 3924 procliviorem
1021 3846 1112 3897 esse.
1142 3824 1242 3896 Ean-

139 3948 219 4021 dem
246 3951 507 4020 excusatiouem
532 3946 615 4017 illud
641 3946 776 4016 deuolat
800 3941 939 4014 habebit
964 3944 998 4012 in
1030 3939 1144 4011 tabula
1172 3937 1241 4009 So-

143 4084 239 4150 rnna,
268 4065 357 4156 quod
395 4072 507 4134 tamen
546 4084 609 4157 per
648 4057 878 4155 pyrrhichium
916 4061 961 4128 ita
999 4054 1242 4151 appellandum
