2746 4530
649 311 700 381 861

124 540 203 607 one,
231 527 305 589 tum
330 519 489 604 vocibus
517 520 626 612 qualis
663 528 717 591 est
751 520 945 612 paraliticos,
991 495 1229 592 confirmatur.

123 634 311 705 Poublicua
336 637 425 705 enirn
453 634 707 728 velpupb'cus,
737 640 799 705 etsi
839 658 898 730 pro
937 637 1116 729 pepulimus
1154 637 1232 707 dic-

123 757 280 830 tumeat,
308 757 426 819 tamen
457 752 606 844 primam
644 750 844 842 productam
882 750 996 836 babet,
1037 761 1086 840 ut,
1132 761 1233 847 post-

124 886 230 957 quam
267 865 445 958 positionis
485 867 540 934 vis
578 866 762 934 imminuta
802 868 857 954 sit,
886 866 1015 937 vocalis
1053 865 1231 957 longitudo

126 986 297 1048 servetur.
333 976 450 1070 ltaque
477 986 554 1048 ante
581 980 835 1073 complexiones
861 1005 901 1049 ns
917 989 962 1051 et
985 983 1033 1070 ns
1052 983 1231 1076 positionis

127 1095 336 1163 memoriam
362 1092 507 1163 naturali
534 1092 708 1163 vocalium
734 1093 944 1185 longitudine
986 1092 1107 1189 sultam.
1135 1116 1231 1180 esse,

126 1213 270 1276 testatur
296 1205 418 1277 Cicero
444 1205 598 1276 Oratoris
624 1231 654 1277 c.
686 1208 742 1279 48.
770 1207 925 1294 Etenim,
954 1211 1021 1279 nisi
1047 1190 1172 1279 saltem
1191 1232 1234 1279 aa

127 1321 315 1391 admodum
340 1321 464 1392 leviter
490 1323 757 1417 appellarentur,
786 1344 850 1394 non
867 1324 1024 1394 licuisset
1040 1323 1160 1394 Plauto
1174 1347 1231 1410 ea,

125 1458 214 1528 quae
241 1444 320 1507 sunt
343 1437 469 1506 sedena
506 1446 541 1507 et
576 1436 709 1523 lubens,
737 1446 880 1530 utraque
919 1446 1073 1533 correpta
1111 1439 1236 1509 dicere.

126 1547 262 1620 Eodem
288 1550 387 1621 modo
406 1555 535 1621 amissa
553 1554 722 1646 positione
749 1550 873 1621 Graeci
893 1552 1053 1622 dixerunt
1068 1551 1236 1647 ἀλλήλους

125 1684 189 1757 pro
215 1661 389 1740 ἀλλάλλοις
413 1674 447 1735 et
484 1665 612 1736 Persae
638 1669 672 1735 in
695 1664 871 1750 versibnS,
901 1688 980 1734 cum
1006 1667 1138 1736 vocalis
1177 1670 1238 1737 in-

127 1781 292 1872 terposita
331 1787 440 1864 esset,
475 1781 652 1852 mdbemdn
685 1804 746 1875 pro
786 1779 951 1864 mibmoin,
992 1779 1142 1852 bdaetdn
1175 1805 1238 1878 pro

128 1891 266 1963 boatdm
310 1894 396 1980 Quid
435 1917 476 1966 ea
516 1917 800 1976 commemorem,
838 1897 872 1964 in
910 1894 1034 1988 quibus
1076 1899 1238 1990 ingratae

127 2009 378 2102 complexionis
418 2011 580 2081 vitandae
618 2033 721 2081 causa
760 2032 912 2080 consona
939 2019 1016 2080 ante
1042 2033 1234 2083 consonam

129 2127 214 2196 elisa
239 2125 312 2197 est?
338 2127 505 2219 Poplicus
531 2128 770 2220 igitur—haec
796 2130 891 2197 enim
928 2126 1040 2197 forma
1067 2132 1238 2222 antiquior

129 2238 232 2310 fuerit
260 2263 407 2311 necesse
432 2249 484 2311 est
509 2282 555 2295 -
581 2246 733 2336 primam
759 2243 935 2335 positionis
971 2243 1006 2309 vi
1034 2242 1234 2335 productam

129 2353 308 2425 habuerat.
339 2353 429 2426 Nam
456 2381 477 2425 n
504 2357 652 2441 literam,
683 2377 769 2450 quae
796 2358 829 2425 in
854 2377 942 2427 voce
956 2355 1107 2446 populos
1125 2364 1232 2441 esset,

127 2473 277 2539 eiectam
302 2469 384 2540 nihil
419 2471 460 2540 ad
486 2470 745 2565 producendum
780 2470 947 2556 valuisse,
982 2469 1079 2539 brevi
1120 2474 1237 2565 priore

124 2585 222 2677 popli
249 2595 403 2680 apparet.
445 2586 482 2656 ln
521 2586 771 2657 heroo-versu
812 2590 881 2655 iam
909 2587 997 2680 apud
1024 2585 1175 2657 Ennium
1202 2594 1239 2658 et

128 2698 294 2770 Lucilium
321 2699 420 2771 buius
447 2704 621 2796 positionis
654 2699 811 2794 exempla
851 2703 1083 2770 inveniuntur.
1126 2698 1235 2785 Quid?

128 2815 267 2886 Plautus
294 2837 407 2886 nonne
441 2815 572 2885 nullam
599 2819 673 2886 eius
700 2816 869 2886 rationem
907 2814 1069 2886 babuisse
1095 2815 1237 2887 dicitnr?

128 2928 176 3000 At
201 2938 320 3000 tamen
345 2929 409 3000 hoc
436 2930 643 3024 producendi
682 2952 813 3022 genere
851 2951 935 3000 nsus
968 2938 1022 3000 est
1059 2933 1095 2999 in
1129 2953 1237 3002 versu

132 3043 305 3114 trochaico
330 3043 418 3114 Rud.
439 3043 499 3125 IV,
526 3045 547 3115 5
573 3045 636 3137 (t,
668 3046 719 3132 1),
748 3046 793 3116 18
821 3044 966 3136 (1208):

179 3177 266 3248 Sunt
291 3177 382 3247 domi
408 3180 488 3268 agni
514 3184 548 3246 et
571 3181 667 3273 pdrci
691 3191 821 3249 sacres.
853 3181 906 3248 set
932 3177 1010 3270 quid
1037 3181 1136 3247 istum
1175 3199 1239 3249 re-

629 3296 632 3301 ·
925 3272 1131 3344 moramini?

131 3388 196 3460 Ubi
223 3387 462 3458 animadverte
487 3411 554 3458 una
582 3411 662 3458 cum
689 3391 855 3482 positione
880 3389 1088 3458 nominativi
1113 3388 1239 3483 plura-

130 3504 172 3573 lis
198 3506 480 3574 terminationem
507 3504 791 3594 antiquissimam,
812 3522 856 3570 ex
876 3522 940 3592 qna
960 3504 1123 3586 conicias,
1150 3501 1239 3573 huno

131 3620 282 3711 priscam
307 3616 526 3687 sacerdotum
566 3617 675 3684 luisse
713 3613 910 3686 formulam.
951 3614 1101 3698 Deinde,
1130 3636 1236 3707 quem

131 3731 172 3802 ad
199 3732 341 3803 modum
368 3730 467 3801 rubri
492 3752 594 3801 casus
619 3730 744 3823 obliqui
769 3732 861 3798 circa
886 3728 955 3798 divi
974 3727 1125 3820 Augusti
1144 3736 1237 3798 tern-

130 3865 212 3937 pora
241 3869 262 3912 o
290 3847 385 3916 litera
413 3846 574 3940 producta
600 3843 812 3930 dicebantur,
847 3852 883 3912 ut
919 3850 1057 3936 praeter
1090 3840 1239 3914 Lucretii

131 3958 192 4041 Vl,
222 3960 305 4045 402,
327 3960 416 4052 quod
444 3963 567 4049 sciam,
587 3959 715 4029 nullum
735 3957 809 4029 fere
826 3966 1005 4051 correptae
1031 3956 1239 4050 exemplum

130 4082 295 4158 exstaret,
322 4077 368 4145 ita
394 4074 488 4144 idem
514 4073 652 4145 Plautus
678 4074 763 4145 dixit
785 4072 888 4143 Troo.
917 4071 961 4156 Il,
991 4072 1025 4153 2,
1057 4073 1114 4141 39:
