2746 4530
708 273 759 346 80,

221 486 360 583 Hospes
378 494 526 578 ¹gratum
551 491 620 572 est,
636 507 737 579 quom
762 485 851 580 apud
864 485 960 557 meas
1046 486 1234 652 restttiptei
1277 526 1280 533 .

1095 605 1156 654 see
1181 604 1234 654 es.

175 733 383 828 Quanquam
417 742 554 830 praeter
589 735 797 806 solutionem
835 733 966 803 hiatum
1000 757 1031 802 m
1068 733 1189 802 literae
1227 730 1288 800 vel

175 861 245 920 non
271 852 424 943 scriptae
451 851 485 919 in
510 848 600 920 thesi
625 849 778 919 vidimus
804 852 839 918 in
865 847 941 920 hoc:

281 995 445 1069 Dnonoro
472 1003 615 1092 optumo
715 994 805 1068 luise
833 999 924 1068 viro.

175 1147 256 1235 Sed,
284 1156 321 1218 ut
346 1148 388 1219 ad
413 1148 502 1219 hunc
527 1149 642 1221 locum
668 1155 854 1232 transeam,
880 1148 991 1240 hiatus
1030 1149 1066 1218 in
1093 1146 1183 1217 thesi
1210 1149 1286 1217 sine

174 1287 207 1333 m
231 1264 329 1334 litera
369 1286 437 1336 nun
476 1286 663 1336 concessus
690 1272 754 1352 est,
779 1265 846 1336 nisi
872 1286 953 1333 cum
979 1262 1144 1358 producta
1170 1263 1287 1332 corri-

176 1379 278 1473 pitur,
306 1382 403 1449 utin
430 1381 497 1449 hoc
523 1382 758 1474 inscriptionis
777 1378 931 1450 Soranae
951 1398 1069 1447 versu:

223 1529 355 1601 Parens
381 1534 509 1601 timens
534 1529 609 1600 heic
636 1534 733 1601 vovit
838 1535 919 1600 voto
945 1528 1008 1600 hoc
1035 1528 1161 1599 soluto.

176 1679 286 1766 Quam
312 1680 355 1752 cb
383 1704 473 1764 rem,
494 1703 538 1751 ne
564 1681 670 1752 thesis
696 1690 775 1776 post
793 1689 1019 1775 anapaestum
1038 1684 1173 1752 omissa
1199 1699 1283 1750 esse

177 1795 345 1882 videatur,
375 1795 536 1866 audacter
560 1794 698 1867 hiamus
725 1799 759 1866 in
785 1795 850 1866 hoc
876 1799 1041 1868 Liuiano:

227 1962 377 2034 Simulac
402 1963 560 2033 lacrimas
587 1963 627 2033 de
653 1985 713 2034 ere
812 1984 963 2056 noegeu
979 1962 1135 2034 detersit.

177 2109 276 2196 Quod
300 2135 412 2205 genus
439 2120 517 2182 sunt
543 2114 632 2207 apud
658 2112 861 2206 Vergilium
887 2118 1073 2197 micmicc,
1101 2110 1190 2206 apud
1208 2109 1315 2182 He-·

175 2231 297 2297 ratium
323 2231 377 2296 mc
401 2249 512 2313 amaa,
542 2227 630 2321 apud
656 2229 743 2299 alios
784 2228 862 2312 alia,
891 2251 981 2322 quae
1017 2224 1177 2297 omnibus
1204 2230 1288 2297 uota

176 2349 268 2414 sunt.
297 2340 334 2411 ln
362 2342 521 2412 Saturnio
549 2351 665 2412 autem
693 2341 783 2411 alind
809 2342 1014 2437 exemplum
1052 2361 1122 2412 non
1154 2340 1286 2410 inveni.

177 2455 302 2528 Gontra
329 2457 483 2528 elisionis
511 2458 606 2548 longi
633 2455 873 2550 monosyllabi,
902 2459 1015 2549 qualia
1041 2463 1119 2526 sunt
1144 2458 1216 2547 qui,
1240 2456 1286 2541 ai,

176 2575 223 2652 le,
250 2590 328 2663 que,
349 2572 383 2640 in
410 2576 477 2641 arsi
505 2574 598 2642 etin
630 2571 731 2656 thesi,
759 2577 795 2642 in
819 2570 983 2666 producta
1009 2577 1042 2640 et
1067 2572 1101 2639 in
1128 2576 1288 2664 correpta

176 2706 246 2756 non
278 2708 387 2780 pauca
415 2693 504 2756 suut.
534 2685 608 2773 Qua
633 2689 668 2756 in
694 2688 764 2757 arsi
790 2690 969 2777 integram
996 2682 1099 2754 hahet
1122 2683 1286 2754 vocalem

176 2800 298 2872 hocin
324 2823 441 2871 versu:

272 2948 479 3046 Bicorpores
506 2950 672 3045 Gigantes
780 2956 962 3046 magnique
988 2950 1162 3023 Atlantes.

176 3103 216 3174 ln
242 3106 310 3174 arsi
337 3102 454 3172 ultima
479 3111 600 3173 natura
625 3102 788 3199 producta
816 3110 873 3172 aut
897 3106 931 3172 in
949 3125 981 3171 m
999 3101 1134 3171 literam
1162 3102 1285 3170 exiens

177 3243 282 3315 quam
309 3216 407 3288 facile
446 3220 481 3288 in
506 3218 654 3291 diaeresi
693 3224 903 3303 servaretur,
944 3219 1015 3287 iam
1052 3215 1217 3286 vidimus.
1246 3212 1284 3285 ln

177 3339 290 3429 prima
317 3341 436 3405 autem
462 3337 586 3428 prioris
628 3333 761 3406 dimidii
787 3335 855 3404 arsi
881 3332 999 3405 Livius
1025 3331 1142 3401 luiasse
1178 3329 1285 3401 vide-

175 3457 231 3520 tur
255 3452 290 3519 in
316 3448 392 3519 hcc:

282 3614 420 3686 Partim
446 3623 572 3701 errant,
601 3619 788 3708 nequinont
895 3612 1081 3685 Graeciam
1107 3612 1231 3683 redire.

176 3777 331 3851 Naevius
358 3782 393 3851 in
418 3780 483 3851 his:

272 3943 369 4017 Multi
396 3946 452 4015 alii
479 3968 499 4017 e
524 3945 626 4018 Troia
782 3946 913 4015 strenui
939 3945 1018 4013 viri.

274 4043 461 4137 Postquam
487 4058 588 4114 avem
615 4045 753 4136 aspexit
784 4046 818 4112 in
844 4041 977 4135 templo
1001 4040 1188 4112 Anchises.
1274 4055 1289 4073 ··
