2746 4530
645 322 704 400 'ili'

124 538 261 637 bloqpor
285 543 320 611 in
344 534 504 636 nptoqpov
535 541 744 635 porrigatur,
769 542 804 611 in
828 560 933 611 versu
961 537 1118 610 Saturnio
1136 539 1239 631 cogi-

124 662 201 725 tare
228 654 387 747 equidem
402 674 471 724 non
498 652 621 724 audeo.
643 653 770 724 Verum
796 661 909 725 tamen
936 655 1044 746 siquis
1069 673 1138 723 non
1153 673 1240 722 om-

125 771 206 839 nino
231 768 380 839 absurde
412 767 587 838 conabitur
627 767 785 863 probare,
825 781 860 838 ut
897 772 988 839 inter
1024 767 1091 839 duo
1130 765 1239 837 verba

129 881 264 976 λεῖμμα,
292 887 339 955 ita
376 887 466 954 intra
491 883 633 954 verbum
659 883 760 979 τονήν
786 904 987 955 concessam
1012 905 1106 968 esse,
1135 882 1242 953 multo

127 996 288 1070 libentius
306 997 459 1084 credam,
479 1018 579 1090 quam
598 997 716 1070 theses
733 1019 982 1092 usquequaque
995 998 1118 1084 omitti,
1135 995 1240 1065 drum-

127 1110 228 1183 modo
254 1120 392 1183 oeterae
418 1134 545 1184 versus
584 1115 731 1184 saturnii
769 1114 868 1205 leges
894 1112 1139 1184 observentur.
1169 1108 1240 1182 Sed

125 1225 168 1296 de
201 1249 325 1298 versus
366 1227 514 1298 Saturnii
551 1225 665 1321 figura
703 1227 884 1300 hactenus:
922 1230 987 1299 iam
1014 1223 1238 1320 syllabarum,

128 1340 254 1434 quibus
281 1345 356 1415 eius
381 1345 489 1438 pedes
513 1346 778 1430 constituuntur,
799 1345 897 1436 leges
917 1346 1076 1415 metricas
1102 1350 1135 1413 et
1153 1363 1242 1436 pro-

127 1457 286 1528 sodiooas
311 1457 469 1530 breviter
493 1462 778 1553 perstringemus.

176 1570 232 1642 Ao
268 1572 384 1644 theses
422 1576 546 1667 oorripi
585 1573 732 1644 vidimus
772 1580 850 1644 ante
888 1572 1009 1644 thesim
1049 1574 1238 1655 omissam,

127 1685 252 1757 deinde
279 1689 306 1757 si
333 1710 353 1757 e
379 1688 496 1758 medio
522 1709 631 1758 versu
670 1686 712 1757 ad
743 1689 874 1757 initium
912 1690 1144 1782 transpositae
1176 1708 1242 1759 es-

127 1809 218 1888 sent,
254 1800 402 1895 denique
439 1801 639 1897 plerumque
676 1803 711 1872 in
741 1800 892 1872 secunda
930 1800 1013 1872 sede
1038 1802 1243 1897 posterioris

129 1915 334 1987 hemistichii
361 1925 396 1988 et
421 1924 499 1988 ante
523 1920 657 1988 tertiam
684 1919 802 2001 arsim‚
831 1922 908 2010 post
932 1937 1033 2009 quam
1051 1918 1147 2011 prius
1172 1914 1243 1986 he-

127 2028 331 2101 mistichium
357 2040 590 2102 resecaretur.
620 2029 716 2116 Quae
743 2052 789 2101 ex
813 2028 877 2100 hao
902 2031 983 2124 lege
1009 2033 1238 2126 excipiuntur,

127 2166 233 2238 supra
260 2142 429 2241 adscripta
457 2153 547 2216 sunt:
576 2166 665 2239 quae
691 2167 735 2216 ox
759 2146 830 2231 illa,
858 2168 967 2216 unum
994 2144 1118 2231 habeo,
1148 2142 1239 2237 quod

128 2258 290 2330 adiciam:

235 2408 439 2503 Bicorpores
466 2405 633 2501 Gigantes
733 2413 916 2505 magnique
941 2409 1117 2496 Atlantes

129 2542 219 2636 quod
244 2545 362 2613 nescio
389 2564 432 2613 an
459 2552 650 2637 corruptum
677 2545 731 2615 sit:
772 2551 866 2615 certe
892 2543 1055 2615 Prisciani
1082 2545 1243 2617 oodioum

129 2662 295 2752 scriptura
322 2660 451 2729 mirum
477 2661 510 2729 in
537 2659 678 2730 modurn
705 2659 869 2743 hooflooo
890 2662 1011 2730 variat.
1041 2659 1106 2730 Est
1132 2681 1242 2753 prae·

127 2780 226 2843 terea
256 2770 344 2842 Belli
382 2771 501 2843 Punici
529 2772 666 2865 Sangae
691 2776 810 2845 nescio
840 2777 937 2845 ouius
963 2771 1195 2865 fragmentum
1222 2796 1243 2845 a

128 2882 263 2969 Merula
289 2887 467 2976 traditum,
493 2886 583 2980 quod
608 2890 683 2982 ipso
709 2890 759 2958 sio
785 2887 920 2980 digerit:

340 3031 563 3128 Inhospitalis
587 3036 748 3106 victrices
774 3034 936 3107 absorbet
959 3032 1050 3105 unda

340 3128 472 3200 Lahum
500 3131 658 3223 legiones
685 3130 874 3220 hominunm
993 3218 996 3224 ¹

128 3268 164 3332 ut
189 3262 321 3356 reliqua
348 3284 473 3335 versus
499 3286 580 3359 pars
606 3264 797 3337 desiderari
835 3265 1003 3338 videatur.
1045 3264 1140 3350 Quod
1164 3280 1242 3337 cutn

129 3398 273 3447 oaosura
299 3385 334 3448 et
357 3376 517 3449 omnibus
550 3377 764 3451 diaeresibus
794 3388 923 3465 eareat,
953 3383 1003 3450 sio
1028 3381 1139 3473 potius
1164 3376 1244 3450 tiis·

129 3491 345 3564 tribuondum
369 3514 451 3563 esse
476 3497 648 3566 existimo:

178 3620 389 3717 inhospitalis
728 3627 891 3696 victrices
920 3624 1084 3697 absorbet

236 3718 336 3791 Unda
360 3720 493 3792 latium
520 3722 679 3814 legiones
729 3721 916 3794 bominum.

130 3849 259 3945 ltaque,
286 3857 353 3924 nisi
380 3852 512 3928 hlorula
539 3856 684 3928 omnino
710 3852 830 3926 fraude
856 3876 941 3927 usus
967 3861 1033 3939 est,
1059 3842 1241 3934 versuum,

129 3986 272 4059 qnorum
299 3977 418 4061 quarta
441 3968 546 4040 thesis
571 3968 736 4063 producta
762 3977 828 4054 est,
847 3990 1012 4041 numerus
1029 3987 1098 4039 uno
1113 3988 1242 4039 exom-

128 4080 185 4176 plo
211 4081 406 4175 augebitur.
