2746 4530
635 243 681 315 its

106 457 248 552 galium,
277 461 335 551 qui
358 461 394 529 in
420 460 461 529 P.
490 455 645 530 Cornelii
668 455 708 526 P.
735 454 761 526 f.
781 455 962 552 Scipionis
988 459 1106 552 elogio
1136 461 1212 555 pri«

109 595 199 643 mum
226 593 361 643 versum
386 579 509 666 postea
535 570 671 643 demum
697 570 843 641 additum
870 592 951 642 esse
975 575 1209 644 censuissent.

107 689 224 782 Atque
248 691 283 758 in
308 685 372 757 boo
398 685 512 778 elogio
537 693 573 757 et
597 687 633 755 in
657 681 751 754 Lucii
776 681 844 756 Gn.
870 684 894 755 f.
925 685 1061 757 Barbati
1087 707 1213 758 versus

106 806 152 874 ita
178 824 217 873 se
243 803 435 895 excipiunt,
449 808 486 870 ut
502 800 597 894 prior
613 801 757 892 quisque
775 799 863 872 tbcsi
886 809 1002 872 careat
1017 800 1082 874 boc
1099 801 1211 874 modo:

155 985 249 1057 Mors
275 984 429 1080 perfecit,
455 992 511 1054 tua
537 989 576 1053 ut
597 992 715 1055 esseut
764 987 877 1056 omnia
901 984 1036 1057 brevia:

157 1083 276 1155 Honos
301 1081 391 1153 fama
417 1086 609 1174 virtusque,
765 1079 877 1175 gloria
903 1091 1005 1177 atque
1029 1085 1215 1176 ingenium.

159 1234 291 1321 Quibus
318 1236 370 1306 sci
395 1237 432 1305 in
458 1233 563 1325 ionga
588 1233 725 1305 licuiset
772 1231 842 1305 tibe
868 1238 956 1305 utier
981 1237 1063 1322 vita,

159 1332 277 1403 Facile
303 1330 423 1403 iacteis
450 1352 637 1426 superases
776 1331 921 1422 gloriam
948 1334 1125 1402 maiorum.

161 1481 276 1568 Quare
304 1479 426 1553 lubens
452 1489 486 1553 te
512 1484 546 1552 in
573 1482 721 1576 gremiu,
777 1481 903 1578 Scipio,
929 1486 1051 1578 recipit

158 1578 281 1666 Terra,
308 1578 421 1666 Publi,
447 1585 652 1675 prognatum
769 1579 905 1669 Publio,
932 1578 1082 1652 Corneli.

112 1761 253 1835 Barbati
278 1765 424 1857 elogium
452 1766 575 1837 eodem
600 1766 700 1838 modo
716 1770 940 1860 compositum
959 1775 1024 1852 est,
1045 1768 1112 1837 nisi
1129 1766 1220 1860 quod

114 1878 149 1949 in
174 1882 284 1974 primo
309 1902 417 1951 versu
442 1887 583 1975 propter
607 1902 731 1952 nomen
756 1884 931 1979 proprium
975 1881 1089 1953 theses
1127 1885 1222 1953 intc-

110 2016 196 2088 grae
223 2002 313 2066 sunt.
345 1995 402 2066 Sic
431 1999 523 2066 enim
550 2017 589 2067 se
614 1995 732 2067 babet:

222 2177 402 2250 Cornelius
427 2179 551 2251 Lucius
765 2179 878 2274 Scipio
903 2179 1091 2269 Barbatus,

217 2273 373 2348 Gnaivod
398 2285 496 2372 patre
522 2285 726 2372 prognatus,
760 2275 856 2349 iortis
881 2281 937 2346 vir
965 2281 1183 2372 sapiensque,

220 2426 352 2513 Quoius
377 2426 490 2498 forma
515 2430 656 2500 virtutei
762 2431 937 2523 parisuma
962 2425 1036 2513 furit,

222 2522 349 2596 Conso!
374 2525 636 2597 censoraidilis
766 2529 845 2619 quei
869 2521 931 2595 suit
956 2524 1045 2620 apud
1071 2545 1148 2610 vos,

225 2678 392 2750 Taurasia
419 2678 569 2751 Cisauna
767 2678 906 2751 Samnio
933 2682 1037 2774 oepit,

224 2775 360 2869 Subigit
384 2799 484 2848 omne
509 2775 702 2848 Louoenam
764 2776 972 2872 opsidesque
999 2774 1164 2847 ebdoueit.

122 2951 161 3024 iu
186 2954 280 3024 Lucii
306 2952 445 3025 barbati
470 2952 494 3024 f.
524 2955 651 3047 elogio,
680 2957 776 3027 cuius
803 2953 1000 3051 exemplum
1028 2977 1132 3051 supra
1159 2977 1226 3053 ap-

122 3074 268 3165 positum
295 3078 360 3156 est,
381 3069 655 3142 animadvertere
678 3071 758 3142 licet
773 3073 905 3167 primae
922 3070 1082 3166 strophae
1099 3077 1135 3141 et
1150 3078 1227 3142 ter-

119 3186 187 3254 tiae
213 3181 408 3254 versiculos
433 3191 512 3279 post
536 3188 644 3256 orsim
668 3188 801 3256 tertiam
829 3185 944 3270 incidi,
985 3185 1119 3256 mediae
1151 3191 1229 3280 post

125 3297 260 3369 thesim.
302 3297 340 3369 In
367 3299 508 3372 alterius
539 3301 634 3371 Lucii
672 3297 785 3370 tabula
823 3322 888 3391 ego
925 3300 1054 3372 nullum
1091 3301 1228 3394 reperio

123 3411 324 3498 artificium,
353 3435 418 3506 quo
444 3413 602 3505 singulae
636 3412 797 3510 strophae
830 3412 1081 3506 significentur,
1114 3434 1228 3507 neque

125 3529 235 3619 magis
262 3530 297 3598 in
321 3526 448 3599 Naevii
472 3531 721 3624 epigrammate
749 3530 947 3624 sepulcrali.

175 3659 279 3731 Aliud
307 3670 360 3734 est
385 3661 600 3758 strophamm
625 3684 752 3755 genus,
778 3683 853 3733 cum
880 3661 922 3732 ad
948 3680 1072 3733 versus
1104 3657 1229 3730 Satur-

127 3779 204 3846 nios
229 3779 383 3870 integros
401 3776 613 3848 hemistichia
636 3785 694 3849 aut
717 3777 905 3870 particulae
922 3798 990 3848 non
1008 3773 1106 3845 aliter
1124 3781 1228 3867 atque

125 3891 161 3960 in
186 3890 344 3964 versibus
370 3893 538 3963 scaenicis
564 3891 741 3962 clausulae
766 3897 997 3964 accessemnt.
1031 3885 1129 3973 Quod
1160 3909 1230 3980 go-

123 4025 187 4077 nus
212 4009 331 4078 neseio
358 4028 401 4076 au
426 4028 565 4078 ocrmcn
591 3987 1008 4079 Arvaie'sxistimandum
1034 4004 1090 4087 sit,
1111 4003 1230 4096 inquo
