2746 4530
658 314 702 385 36

123 530 259 612 net„iu
284 529 376 621 prius
405 524 621 596 transfertur.
668 525 803 596 Verum
845 511 932 594 vidit
962 526 1017 594 vir
1052 527 1235 616 singularis

124 644 255 734 ingenii
273 647 307 709 et
323 638 386 708 hoc
404 643 438 709 in
456 662 598 730 genere,
619 649 656 710 ut
680 642 714 711 in
741 641 829 725 attis,
863 641 1098 725 doctissimus,
1119 639 1232 710 Tlreo-

125 756 249 827 dorum
268 756 534 825 Mommsenum
553 756 643 841 dico,
664 760 722 849 qui
739 778 884 826 vorsum
902 759 1132 827 usitatissima
1151 777 1235 850 qua-

126 871 208 944 dam
232 872 497 964 inscriptionum
523 871 770 962 sepulcralinm
794 869 942 940 formula
961 873 1006 940 ita
1024 875 1184 953 restituit,
1205 877 1236 938 ul

126 984 211 1056 nibil
229 983 397 1053 accedere
415 988 534 1077 possit.
558 987 614 1054 Sic
632 988 728 1056 enim
747 988 902 1078 scripsit:

226 1132 347 1204 Annos
367 1142 491 1225 gnatus
513 1137 657 1226 vigintci
764 1138 792 1204 is
813 1135 949 1229 (loccis)
966 1132 1167 1206 mandatus.

128 1308 131 1313 ·
178 1287 245 1358 Sed
272 1309 468 1380 quanquam
496 1289 531 1355 in
559 1284 838 1379 inscriptionibus
864 1284 999 1355 nullum
1018 1284 1118 1365 huius
1137 1285 1241 1356 thesis

131 1400 316 1495 productae
341 1400 547 1494 exemplum
565 1402 713 1469 inveniri
733 1398 899 1482 diximus
927 1407 1045 1469 tamen
1072 1398 1242 1469 similitu-

131 1516 237 1590 dines?
250 1517 423 1607 quaedam
442 1521 476 1584 et
491 1517 588 1606 quasi
601 1517 748 1602 vestigia
768 1521 868 1604 atque
883 1513 968 1582 Livii
984 1513 1073 1604 qnod
1092 1513 1242 1583 vidimus

132 1629 340 1722 exemplum
365 1626 537 1698 eiusmodi
562 1649 688 1697 versus
707 1625 814 1696 luisse
834 1630 863 1697 si
882 1649 950 1696 non
969 1626 1193 1719 persuadent,
1215 1634 1246 1697 at

131 1751 225 1814 certe
250 1741 415 1826 efficiunt,
441 1751 480 1812 ut
503 1746 734 1836 suspicemur.
803 1741 876 1811 Hoc
902 1765 990 1812 vero
1016 1750 1152 1812 certum
1178 1751 1243 1827 cst,

132 1858 259 1929 thesim
284 1857 348 1927 lroc
374 1859 468 1943 loco,
502 1860 640 1927 etiamsi
664 1857 889 1951 producatur,
919 1857 1123 1950 productam
1156 1858 1244 1929 solvi

132 1995 202 2044 non
220 1994 338 2067 posse,
364 1995 407 2042 ne
426 1993 549 2042 versus
567 1972 705 2042 licentia
723 1970 891 2057 turbatus,
915 1972 980 2040 alio
1006 1971 1145 2041 licentia
1164 1994 1247 2041 cum

135 2090 333 2171 accesserit,
355 2109 499 2180 prorsus
518 2085 733 2157 obscuretur.
746 2086 852 2179 ldque
872 2091 1013 2157 omnino
1032 2090 1067 2155 in
1089 2084 1247 2156 Saturnio

133 2223 241 2273 versu
270 2199 493 2271 observatum
522 2200 852 2285 animadvertimus,
887 2209 941 2285 ut,
977 2203 1075 2295 siqua
1107 2199 1245 2271 licentia

134 2314 285 2386 admissa
305 2323 412 2399 esset,
433 2337 557 2385 omues
572 2314 744 2408 syllabae,
767 2338 853 2407 quae
878 2315 957 2385 huic
973 2316 1049 2387 loco
1070 2314 1248 2386 adhaere-

135 2437 231 2518 rent,
263 2430 393 2500 nedum
424 2432 657 2522 pertinerent,
696 2430 976 2521 diligentissime¹
995 2431 1246 2524 expolirentur.

136 2544 314 2616 Invenitur
333 2544 474 2636 quidem
492 2541 615 2612 Naevii
633 2545 828 2615 versiculus
849 2546 944 2614 talis:

212 2691 267 2763 Sic
283 2691 394 2762 Poeni
413 2694 691 2762 contremiscunt
797 2692 941 2763 artbbirs
960 2695 1170 2780 universim,

138 2845 244 2919 seda
275 2841 410 2912 Merula
434 2842 591 2926 traditus,
618 2844 714 2911 cuius
741 2865 846 2935 quam
871 2841 1004 2911 lubrica
1030 2851 1126 2913 esset
1151 2841 1251 2929 fides,

139 2959 392 3056 supradictum
411 2963 474 3025 est.
516 2953 725 3049 Quanquam
752 2957 781 3025 si
800 2978 905 3026 verus
925 2962 990 3040 cst,
1022 2956 1109 3049 quod
1138 2959 1254 3050 magis

138 3073 257 3158 credo,
278 3071 460 3141 levissima
479 3069 738 3154 emendatione,
760 3093 848 3162 quae
873 3067 972 3139 nobis
988 3068 1129 3162 quidem
1143 3067 1255 3144 facilis

139 3196 204 3272 est,
224 3183 379 3256 Merulae
398 3204 465 3253 non
485 3185 581 3267 item,
602 3185 653 3252 ita·
665 3187 866 3270 restituitur,
893 3193 929 3254 ut
957 3184 1073 3277 legem
1099 3193 1255 3257 nostram

140 3305 252 3399 potius
288 3296 492 3369 confirmare
527 3298 696 3368 videatur.
751 3298 980 3370 Scribendum
1004 3307 1057 3369 est
1080 3303 1191 3388 enim,
1226 3303 1257 3373 si

141 3436 269 3512 operae
289 3416 441 3507 pretium
460 3421 526 3497 est,

240 3563 297 3633 Sic
316 3561 424 3632 Poeni
443 3564 712 3656 contremiscunt
813 3562 956 3633 artubus
974 3567 1145 3647 unorsim,

142 3720 180 3784 ut
197 3711 284 3806 apud
301 3708 500 3780 Lucretium
518 3733 683 3780 ooorsam
696 3711 855 3798 1V,262,
872 3711 929 3782 ubi
944 3712 1025 3783 vide
1042 3734 1129 3806 quae
1149 3712 1260 3784 adno-

143 3825 492 3913 tavitLachmannus,
513 3826 584 3912 vel,
601 3830 631 3896 si
646 3831 776 3914 mavis,
793 3831 995 3912 oinoorcim,
1012 3834 1048 3895 ut
1063 3829 1094 3896 in
1111 3827 1257 3898 Senatus

143 3940 302 4014 consulto
321 3939 364 4011 de
382 3938 655 4012 Bacchanalibus
674 3946 852 4014 oiooorcei
871 3945 1040 4036 scriptum
1053 3948 1107 4012 est
1119 3962 1184 4036 pro
1198 3963 1256 4028 eo,

144 4052 234 4150 quod
253 4065 307 4126 est
325 4058 496 4126 alliceret.
537 4054 614 4133 Boo
639 4064 756 4144 autem
774 4059 1054 4129 terminationem
1073 4058 1258 4147 antiquitus
