2746 4530
654 263 699 343 tt

121 499 199 547 cum
226 479 337 570 apice,
364 486 401 548 ut
427 480 460 546 in
483 475 522 547 L.
553 476 703 547 Cornelii
743 474 807 547 Gn.
837 476 861 546 f.
904 475 1077 571 Scipionis
1115 477 1230 570 elogio

122 613 193 661 vox
218 594 344 682 oipinti
369 593 504 661 numeri
530 593 630 683 signo
656 612 821 684 expressa
848 598 901 662 est
926 593 988 661 sic:

242 744 365 814 Annos
391 751 515 835 gnatus
541 742 606 813 XX
706 745 735 813 is
758 743 866 813 loccis
892 741 1086 813 mandatus.

121 891 213 964 Cum
238 914 325 962 vero
352 914 453 986 apex,
480 914 546 986 quo
572 891 689 961 Mucii
714 891 948 988 compendium
984 916 1002 963 a
1029 884 1146 964 Murci
1171 893 1228 964 di-

122 1011 367 1099 stingueretur,
396 1017 454 1078 aut
477 1009 621 1078 extritus
649 1016 705 1079 aut
730 1006 771 1078 ab
785 1029 837 1090 eo,
854 1010 915 1101 qui
941 1006 1029 1079 hane
1047 1011 1226 1104 inscripti-

121 1145 220 1195 onem
248 1120 289 1193 ab
317 1122 450 1192 excidio
477 1130 645 1202 servaret,
673 1144 794 1216 parum
813 1122 1003 1193 intellectus
1021 1132 1127 1206 asset,
1148 1144 1227 1194 om-

119 1230 223 1308 nibus
250 1235 370 1324 literis,
395 1243 432 1305 ut
457 1257 598 1306 versum
630 1236 741 1321 decet,
780 1235 887 1307 Marci
920 1257 1046 1306 nomen
1078 1259 1229 1332 expres-

121 1371 195 1421 sum
223 1358 289 1420 est.
322 1346 419 1434 Quae
445 1372 525 1419 cum
552 1351 596 1419 ita
629 1353 708 1435 sint,
744 1349 837 1420 illum
871 1373 1009 1421 versum
1040 1354 1087 1421 ita
1119 1355 1230 1424 resti-

120 1466 287 1535 tuendum
318 1486 398 1534 esse
423 1486 563 1534 censeo:

194 1612 267 1685 Hoc
293 1613 498 1685 estfactum
525 1623 779 1685 monumentum
837 1614 973 1688 Maanio
999 1615 1152 1690 Caicilio.

124 1762 257 1834 Eodem
284 1763 384 1833 modo
410 1761 571 1834 Valerius
597 1763 730 1851 consul,
758 1765 812 1833 cui
837 1765 952 1836 Manio
983 1764 1090 1837 fuisse
1121 1789 1231 1861 prae-

127 1899 259 1950 nomen
285 1876 445 1972 Polybius
471 1876 499 1962 1,
534 1877 579 1950 16
606 1887 724 1950 auctor
755 1887 820 1965 est,
848 1883 882 1951 in
921 1883 1042 1953 Naevii
1080 1882 1231 1976 quodam

120 2017 242 2080 versu,
271 2015 372 2088 quem
399 1991 575 2064 Charisius
602 1998 773 2082 servavit,
798 1992 936 2067 Marcus
955 1998 1225 2092 appellatnsest.

124 2108 259 2180 Deinde
285 2113 375 2179 statu
402 2107 489 2176 deici
513 2106 674 2177 videmur
697 2107 761 2180 hoc
787 2131 905 2195 versu,
934 2114 991 2204 qui
1016 2113 1153 2184 ultimus
1180 2121 1233 2184 est

130 2224 361 2316 inscriptionis
387 2219 553 2292 Soranae:

219 2373 336 2445 Semol
362 2382 394 2443 te
421 2382 531 2459 orant,
561 2395 599 2443 se
628 2378 698 2445 voti
771 2375 893 2445 crebro
922 2376 1141 2462 condemnes

122 2529 220 2597 cuius
247 2528 418 2620 posterius
446 2525 700 2597 hemistichium
726 2526 929 2622 quibusnam
956 2532 1065 2602 modis
1091 2529 1133 2601 ab
1160 2529 1232 2606 ho·.

125 2642 272 2712 minibus
300 2641 405 2711 doctis
432 2641 503 2733 legi
529 2643 670 2727 soleret,
699 2645 954 2737 supradictum
982 2655 1046 2718 est.
1077 2645 1228 2732 Quorum

122 2759 155 2828 si
179 2755 408 2826 Ritsehelium
434 2777 634 2849 sequemur,
661 2756 769 2828 thesis
787 2762 853 2829 erit
869 2768 947 2853 post
962 2763 1106 2854 primam
1125 2764 1227 2832 arsim

126 2873 265 2953 omissa,
295 2872 347 2939 sin
375 2867 613 2963 Spengelinm,
643 2879 677 2942 et
705 2871 875 2943 diaeresis
899 2873 993 2943 nulla
1018 2877 1083 2945 erit
1108 2882 1142 2944 et
1166 2896 1230 2944 se-

124 2984 233 3055 cunda
257 2983 364 3055 thesis
389 2984 609 3077 producetur,
637 3007 681 3056 ne
708 2987 926 3057 intervallum
953 2989 987 3059 in
1013 2989 1125 3059 medio
1142 3009 1231 3058 ver-

127 3101 171 3169 bo
196 3098 271 3170 heri
297 3121 584 3171 commemorem.
625 3098 742 3186 Quare
777 3104 886 3196 potius
923 3100 1102 3174 Ritschehi
1142 3105 1229 3175 ratio

124 3214 271 3285 tenenda
297 3221 363 3302 est,
392 3214 424 3284 id
445 3215 535 3307 quod
561 3218 605 3286 ita
630 3213 705 3286 fieri
731 3225 861 3311 potest,
888 3224 925 3286 ut
950 3219 1036 3288 ictus
1068 3219 1144 3288 sine
1171 3219 1234 3288 in-.

123 3328 270 3400 teruallo
295 3351 362 3399 non
390 3338 603 3400 concurrant.
631 3328 718 3400 Nam
757 3353 886 3401 cuma
922 3334 1081 3404 ministro
1123 3335 1232 3402 mini-

124 3449 280 3529 sterium,
310 3468 328 3513 a
356 3448 526 3535 mapistro
543 3448 786 3536 mopisterr'um
810 3453 845 3516 et
867 3450 1119 3538 magisterare,
1145 3446 1235 3540 quod

124 3560 324 3652 Spartianus
351 3561 386 3628 in
413 3556 577 3629 hadriani
603 3561 672 3629 vita
700 3581 777 3653 cap.
808 3558 852 3630 1o
884 3564 1098 3653 magistrare
1132 3560 1229 3645 dixit,

124 3669 246 3743 factum
276 3675 331 3757 sit,
360 3672 482 3743 deinde
507 3696 526 3743 a
557 3695 665 3765 cupro
685 3670 837 3744 Naevius
856 3681 1058 3766 caperratum
1077 3673 1230 3759 finxerit,

127 3808 228 3880 porro
243 3808 323 3854 cum
337 3809 356 3856 a
370 3785 509 3876 erebro,
527 3786 670 3870 celebri,
684 3786 830 3875 calubi,
848 3794 980 3873 taetro,
1001 3810 1147 3882 quorum
1160 3811 1231 3882 ge-

124 3903 263 3971 netivus
288 3902 364 3970 sine
388 3899 503 3972 vocali
528 3909 593 3986 est,
622 3901 853 3996 superlativus
879 3923 947 3975 non
972 3899 1229 3989 crebrissimus,

121 4014 378 4086 eetebrieaimue
390 4012 591 4102 declinetur,
600 4013 663 4088 sed
675 4014 920 4106 creberrimus,
928 4013 1189 4104 celeberrimus,
1199 4024 1236 4088 ut
