2746 4530
655 235 701 306 bi

124 449 268 543 gelium,
296 452 414 542 quiin
440 451 481 520 P.
510 447 665 521 Cornelii
689 447 728 518 P.
755 445 781 518 f.
801 446 982 543 Scipionis
1008 451 1126 542 elogio
1157 452 1233 547 pri*

128 586 219 635 mum
246 584 381 634 versum
406 571 529 658 postea
555 561 690 634 demum
717 561 863 633 additum
890 584 970 634 essa
996 567 1230 637 censuissent.

127 681 243 774 Atque
268 683 304 748 in
328 676 392 748 hoc
418 677 533 769 elogio
557 684 593 748 et
617 679 652 746 in
676 673 771 746 Lucii
796 673 864 747 Gn.
890 675 914 747 l.
945 677 1081 749 Barbati
1106 699 1234 750 versus

126 797 172 866 ita
198 816 237 865 se
263 794 454 887 excipiunt,
470 799 506 861 ut
521 792 617 887 prior
632 793 777 884 quisque
796 790 882 864 thesi
906 801 1022 863 careat
1037 792 1102 865 hoc
1120 793 1231 865 modo:

174 976 269 1049 lllors
295 975 449 1072 perfecit,
475 982 532 1046 tua
557 981 595 1044 ut
617 983 735 1047 essent
784 978 897 1048 omnia
921 974 1056 1049 brevia:

177 1074 296 1147 Honos
321 1072 411 1144 lama
435 1077 629 1166 virtusque,
785 1071 897 1169 gloria
923 1082 1025 1169 atquc
1050 1077 1235 1168 ingenium.

178 1225 311 1312 Quibus
338 1227 390 1297 sei
415 1229 451 1295 in
479 1225 582 1316 longa
609 1225 745 1297 licuiset
792 1224 863 1296 tibe
888 1229 976 1296 utier
1000 1228 1084 1315 vita,

179 1323 297 1395 Facile
323 1322 443 1394 lacteis
470 1344 657 1416 superases
796 1323 940 1414 gloriam
969 1326 1145 1395 maiorum.

181 1472 296 1559 Quare
324 1472 446 1545 lubens
472 1482 506 1544 te
531 1475 567 1544 in
592 1474 741 1567 gremiu,
797 1472 923 1570 Scipio,
949 1477 1071 1570 recipit

178 1569 301 1659 Terra,
328 1570 440 1657 Publi,
467 1577 672 1666 prognatum
789 1569 925 1663 Publio,
952 1571 1102 1644 Corneli.

132 1754 273 1828 barbati
298 1757 444 1850 elogium
472 1757 596 1828 eodem
619 1757 720 1830 modo
737 1761 960 1852 compositum
979 1766 1044 1843 est,
1065 1760 1131 1828 nisi
1149 1760 1240 1852 quod

133 1871 168 1941 in
194 1873 304 1965 primo
329 1893 437 1942 versu
462 1879 602 1966 propter
627 1894 752 1944 nomen
776 1875 950 1969 proprium
995 1873 1109 1945 theses
1147 1877 1242 1946 inte·-

130 2007 216 2079 grac
243 1995 332 2057 sunt.
365 1986 422 2058 Sic
451 1990 543 2058 enim
569 1985 752 2059 sehabet:

242 2168 422 2242 Cornelius
447 2171 571 2242 Lucius
785 2172 898 2267 Scipio
924 2170 1111 2263 Barbatus,

236 2265 393 2339 Gnaivod
418 2277 516 2363 patre
541 2277 745 2363 prognatus,
781 2267 877 2340 fortis
901 2273 957 2339 vir
984 2273 1203 2364 sapiensque,

240 2417 372 2504 Quoius
396 2418 510 2491 forma
535 2421 676 2492 virtutei
783 2424 957 2515 parisuma
982 2417 1056 2505 brit,

241 2515 369 2588 (lonsol
394 2517 656 2589 censoraidilis
786 2521 865 2611 quei
889 2515 950 2587 luit
976 2517 1065 2611 apud
1089 2537 1168 2602 vos,

245 2669 411 2742 Taurasia
439 2671 588 2744 Cisauna
787 2670 926 2742 Samnio
953 2674 1056 2766 cepit,

244 2766 379 2861 Subigit
403 2790 504 2840 omne
529 2766 722 2841 boucanam
785 2768 991 2864 opsidesque
1018 2766 1184 2839 abdoucit.

142 2943 180 3016 ln
206 2945 300 3016 Lucii
326 2944 465 3016 barbati
489 2944 514 3016 f.
543 2946 671 3041 elogio,
699 2950 796 3019 cuius
823 2946 1020 3042 exemplum
1048 2969 1152 3043 supra
1179 2970 1246 3042 ap·

141 3065 288 3158 positum
315 3070 380 3148 est,
401 3062 675 3134 animadvertere
697 3063 777 3134 licet
793 3065 924 3161 primae
942 3061 1102 3158 strophae
1120 3070 1154 3132 et
1170 3071 1247 3134 ter-

139 3178 207 3246 tiae
233 3173 427 3246 versiculos
453 3184 531 3271 post
556 3180 663 3247 arsim
689 3180 821 3248 tertiam
848 3177 964 3262 incidi,
1004 3177 1138 3248 mediae
1172 3185 1248 3271 post

144 3289 280 3361 thesim.
322 3289 360 3361 ln
387 3291 528 3364 alterius
559 3293 653 3363 Lucii
691 3291 804 3363 tabula
843 3314 908 3384 ego
944 3292 1074 3364 nullum
1111 3293 1248 3387 reperio

142 3403 343 3489 artificium,
372 3427 438 3498 quo
464 3405 621 3498 singulae
656 3405 817 3504 strophae
850 3405 1101 3500 significentur,
1134 3427 1248 3500 neque

144 3521 254 3611 magis
282 3522 316 3590 in
341 3518 467 3591 Naevii
492 3524 741 3616 epigrammate
769 3523 966 3616 sepulcrali.

194 3651 299 3724 Aliud
326 3661 380 3725 est
405 3655 620 3749 stropharum
644 3677 771 3748 genus,
798 3677 873 3725 cum
900 3655 942 3725 ad
967 3674 1092 3725 versus
1124 3643 1248 3723 Satur·-

146 3771 223 3839 nios
248 3771 403 3862 integros
420 3769 633 3840 hemistichia
654 3778 714 3840 aut
736 3770 924 3863 particulae
941 3789 1010 3839 non
1028 3768 1126 3838 ahter
1143 3771 1248 3861 atquc

144 3883 180 3953 in
205 3882 364 3956 versibus
389 3886 558 3955 scaenicis
583 3883 760 3954 clausulae
786 3890 1017 3956 accesserunt.
1051 3880 1149 3968 Quod
1180 3902 1249 3974 gc·

144 4017 207 4067 nus
233 4000 350 4070 nescio
377 4020 421 4069 an
446 4020 585 4070 carmen
610 3980 1028 4071 Arvale'existimandum
1054 3999 1110 4080 sit,
1130 3997 1249 4088 inquo
