2746 4530
638 277 683 352 85

118 475 208 565 Nam
234 513 347 585 neque
389 495 501 585 prima
538 493 738 586 posterioris
776 491 899 563 dimidii
937 492 1043 565 thesis
1082 496 1225 566 solvitur

119 618 176 680 aut
201 617 278 703 post
316 610 608 703 praepositionem
646 607 767 700 λεῖμμα
805 630 1007 681 concessum
1031 618 1085 681 ost
1108 632 1223 704 neque

34 720 42 731 '
117 731 194 819 post
221 723 340 817 pedem
367 722 513 792 solutum
541 720 662 794 biatur.
689 723 872 794 Praeterea
913 723 1047 796 abono
1085 734 1224 798 auctora

116 837 228 910 Gellio
254 845 413 909 servatus
440 844 494 907 ost
519 836 573 908 hic
599 840 691 908 Livii
715 860 854 910 versus:

165 1003 370 1097 lbldemque
396 992 450 1074 vir
476 1025 630 1076 summus
739 1007 910 1101 adprimus
935 1007 1124 1095 Patroclus,

117 1179 152 1246 iu
178 1158 485 1266 quo⁹Patricolea
515 1174 604 1267 quod
630 1173 801 1264 Bergkius
827 1179 1014 1271 proposuit,
1043 1178 1147 1248 scribi
1161 1197 1225 1248 sa-

115 1312 160 1360 ne
188 1297 311 1384 potest,
331 1289 391 1360 sod
409 1289 594 1376 debeatne,
612 1295 800 1384 quaeritur.
822 1291 1004 1362 Positionis
1022 1299 1133 1363 autam
1159 1291 1223 1362 hoc

115 1427 227 1495 genus
253 1405 343 1501 apud
370 1407 620 1497 antiquissimos
646 1389 781 1477 nuncu
816 1406 988 1500 plerisque
1027 1413 1221 1500 propterea,

115 1523 248 1613 opinor,
276 1542 345 1591 non
371 1523 581 1612 agnoscitur,
609 1520 699 1615 quod
737 1511 804 1593 una
842 1544 923 1593 cum
962 1522 1223 1615 diligentissima

116 1633 326 1705 Graecorum
352 1637 541 1706 imitatione
566 1637 601 1705 in
631 1633 866 1706 Romanorum
886 1657 1012 1707 versus
1038 1639 1219 1707 invaserit.

114 1747 234 1842 Neque
261 1753 406 1821 veroin
434 1752 671 1821 scaenicorum
698 1771 737 1820 re
763 1753 903 1821 metrica
928 1772 1039 1843 usque
1065 1749 1107 1820 ad
1134 1772 1222 1844 sup-

114 1886 210 1937 rema
236 1869 286 1935 rei
311 1863 468 1960 publicae
494 1872 646 1958 tempora
673 1866 821 1934 inveniri
845 1844 977 1935 dicitur.
1006 1866 1055 1936 At
1071 1867 1105 1934 in
1122 1861 1221 1934 Ara-

114 1978 212 2065 bum,
241 1980 442 2065 Rersarum,
470 1979 629 2051 Indorum
656 1984 796 2073 antiquo
822 2002 980 2053 sermone
998 1978 1120 2054 debilis
1135 1999 1224 2072 quaa

114 2080 235 2163 dicitur
261 2097 385 2187 positio
411 2094 552 2165 vocales
577 2116 645 2165 non
671 2098 786 2165 minus
812 2095 978 2188 producit,
1006 2115 1112 2186 quam
1138 2116 1223 2163 mu-

114 2216 225 2279 tarum
251 2210 457 2303 complexio.
498 2207 536 2280 ln
567 2209 774 2280 Graecorum
813 2218 924 2279 autem
961 2213 1071 2280 veteri
1104 2207 1222 2300 lingua

114 2322 199 2393 haec
223 2324 327 2395 modo
355 2324 576 2417 producendi,
605 2324 706 2396 modo
729 2326 934 2419 corripiendi
952 2323 1095 2396 facultas
1114 2322 1222 2395 multo

114 2439 297 2510 artioribus
336 2461 437 2533 quarn
478 2446 599 2534 postea
638 2438 798 2511 limitibus
840 2441 1093 2534 circumscripta
1132 2444 1218 2509 erat.

113 2551 202 2624 Nam
229 2581 253 2646 μ
278 2563 312 2624 et
337 2580 353 2621 ν
381 2555 504 2625 literae
530 2559 636 2625 mutis
663 2555 796 2626 additae
822 2554 911 2650 apud
933 2553 1127 2625 Homerum
1154 2574 1221 2647 po-

115 2671 275 2740 sitionem
301 2668 415 2739 lacere
444 2668 612 2751 solebant,
639 2671 727 2765 apud
745 2671 874 2743 Atticos
893 2673 1071 2765 aurcipitern
1091 2668 1220 2740 redde-

113 2780 197 2852 bant
224 2781 401 2876 spllabam.
432 2781 520 2868 Quid
546 2783 635 2876 quod
661 2787 765 2854 etiam
792 2792 871 2856 ante
898 2809 938 2876 μν
973 2783 1104 2855 vocalis
1131 2782 1221 2877 apud

115 2896 238 2989 lyricos
266 2897 433 2968 interdum
460 2889 578 2969 brevis
616 2898 804 2971 manebat?
842 2899 891 2970 At
928 2903 962 2969 in
1001 2897 1218 2982 hexametro,

115 3016 170 3104 qui
199 3020 338 3106 propter
364 3035 440 3082 rem
467 3015 582 3107 ipsam
608 3018 785 3108 anthuam
810 3018 1014 3108 gravitatem
1032 3010 1218 3096 referebat,

114 3126 232 3197 cadern
259 3130 369 3197 rarius
395 3131 621 3222 reperiuntur.
663 3129 717 3201 Ex
756 3153 822 3224 quo
860 3132 1043 3223 colligitur,
1079 3132 1114 3198 in
1139 3150 1220 3199 ser-

114 3263 218 3311 mone
244 3241 375 3312 Gracco
401 3264 469 3312 non
497 3247 626 3329 minus,
655 3268 760 3338 quam
799 3248 833 3315 in
858 3244 975 3315 Indico
1013 3244 1218 3339 positionem

113 3355 257 3427 debilem
284 3357 428 3427 eandem
453 3360 528 3428 vim
547 3368 648 3452 atque
667 3359 820 3430 validam
838 3361 1020 3454 antiquitus
1040 3356 1216 3428 habuisse.

112 3469 186 3541 Huc
213 3472 355 3556 accedit,
383 3473 472 3565 quod
497 3477 622 3567 positio
647 3473 783 3557 debilis,
811 3495 1010 3568 quanquam
1040 3475 1072 3543 in
1099 3474 1219 3543 versi-

112 3584 175 3656 bus
215 3609 320 3680 saepo
353 3587 550 3679 neglegitur
586 3610 700 3684 neque
739 3589 780 3659 ad
816 3595 996 3660 accentum
1034 3589 1220 3680 quicquam

112 3701 207 3771 valet
231 3702 522 3789 constituendum,
550 3708 585 3775 in
611 3705 840 3800 comparando
865 3711 983 3774 mmen
1011 3705 1092 3774 satis
1118 3698 1222 3772 habat

113 3816 288 3908 ponderis,
317 3824 354 3885 ut
378 3816 395 3885 d
416 3816 528 3912 μικρὸν
556 3825 634 3889 ante
659 3821 920 3888 terminationes
946 3840 1041 3913 τερος
1066 3823 1101 3885 et
1124 3836 1221 3888 τατος

112 3950 178 3999 non
206 3931 424 4024 producatur.
440 3928 601 4002 latinam
621 3932 769 4025 linguam
789 3933 851 4003 hac
869 3935 903 4002 in
922 3954 960 4002 ro
978 3929 1134 4001 Graecae
1148 3947 1217 3999 non

116 4041 315 4112 dissimilem
336 4040 442 4115 luisse
460 4067 538 4115 curu
558 4045 749 4139 linguarum
768 4054 990 4140 cognatarum
1005 4041 1220 4141 comparati-
