2746 4530
620 290 671 363 li

88 504 155 578 Sed
181 496 259 576 cum
285 523 477 588 caesuram,
506 523 572 594 qua
598 524 723 575 versus
748 511 826 598 post
849 508 984 581 tertiam
1001 512 1102 581 araim
1119 509 1202 582 dte

91 630 243 707 secatum,
276 621 510 700 diaeresim...
536 619 657 712 quales
681 627 820 693 ceterae
846 625 927 708 sint,
955 627 1068 714 potius
1093 628 1200 699 simi.

88 737 156 809 lem
170 758 253 809 esse
265 733 575 832 deprehendamus,
592 756 706 806 nonne
718 737 993 830 exspectandum
1004 748 1073 827 est,
1090 743 1199 813 etim

89 850 226 935 thesim,
254 872 343 944 quae
369 872 445 923 eam
471 856 649 941 sequatur,
678 848 789 921 idest
816 853 963 946 primam
992 856 1199 949 posterioris

90 964 231 1049 dimidii,
261 965 427 1059 supprimi
451 960 577 1057 posse?
604 962 647 1033 Et
663 985 750 1035 vero
767 965 936 1058 quomodo
953 967 1124 1061 legendus
1142 978 1199 1042 cst

90 1077 142 1150 hic
166 1102 305 1151 versus:

240 1227 314 1301 llec
340 1231 431 1324 cepit
456 1228 596 1300 Corsica
705 1226 897 1325 Aleriaque
921 1230 1021 1318 urhe,

90 1401 155 1469 nisi
181 1397 270 1470 thesi
296 1396 446 1469 omissa?
473 1395 639 1482 Quicum
665 1399 756 1480 inter
794 1398 882 1470 duos
919 1420 1044 1470 versus
1084 1407 1192 1488 esset,

89 1534 234 1606 quorum
260 1515 372 1583 exitus
396 1503 465 1582 una
498 1533 575 1582 cunr
613 1511 751 1583 tabulae
788 1512 954 1609 particula
991 1517 1192 1610 periissent,

85 1623 293 1697 Ritschclius
319 1625 445 1697 addidit
466 1625 695 1718 popnandod,
722 1627 814 1720 quod
840 1650 906 1699 una
932 1650 1008 1698 cnm
1032 1629 1193 1700 elisioni-

85 1737 148 1812 hus
175 1763 357 1812 caesuram
384 1740 442 1812 vel
468 1741 651 1812 diaeresim
669 1741 768 1813 tollit.
796 1740 904 1828 Quam
922 1742 965 1813 oh
983 1765 1057 1815 rem
1075 1742 1194 1839 Spen-

86 1857 199 1949 gclius
224 1879 346 1928 vocem
374 1855 581 1927 trochaicam
605 1859 753 1952 periisse
771 1864 891 1930 censet
906 1858 1058 1951 legitque
1073 1879 1107 1952 p.
1130 1857 1192 1930 8¹1:

239 2023 313 2095 llec
339 2026 430 2121 cepit
454 2024 596 2097 Corsici
695 2025 884 2121 Aleriaque
910 2025 1011 2113 urhe,

84 2189 214 2260 scilieet
238 2213 305 2284 poc
330 2193 495 2289 particula
527 2193 625 2263 elisa.
667 2192 723 2264 Sic
752 2201 879 2280 tamen,
920 2215 994 2264 cum
1034 2190 1193 2281 syllabae

82 2304 151 2377 leri
177 2304 241 2379 suh
267 2310 337 2378 arsi
363 2310 443 2394 sint,
471 2316 505 2378 et
530 2307 636 2379 thesis
656 2307 850 2402 producitur
867 2316 901 2379 et
918 2308 1086 2380 diaeresis
1103 2326 1190 2401 pes-

83 2445 157 2495 sum
183 2422 294 2493 datur.
322 2421 442 2516 Itaque
468 2422 531 2494 hoc
557 2430 675 2509 restat,
703 2430 740 2492 ut
757 2420 896 2518 syllabis
911 2422 1105 2495 dleinarsi
1122 2443 1191 2516 po-

10 2570 12 2575 ·
82 2543 157 2613 sitis
170 2543 205 2608 ri
219 2542 254 2609 in
267 2538 354 2609 thesi
368 2538 602 2632 relinquamus
621 2547 665 2627 et,
687 2545 723 2609 nt
735 2537 901 2611 diaeresis
915 2544 993 2634 post
1006 2537 1190 2611 secundam

85 2658 190 2727 ausim
217 2661 390 2738 servetur,
418 2655 545 2746 quain
572 2654 769 2749 Scipionum
796 2654 918 2747 elogiis
944 2673 987 2723 ne
1005 2652 1091 2724 hanc
1109 2653 1190 2746 qul-

83 2772 161 2843 dem
187 2790 353 2840 versuum
373 2771 523 2860 speciem
550 2791 672 2840 cerere
690 2765 898 2854 uidebimus,
918 2789 984 2860 quc
1002 2768 1190 2862 particulae

84 2886 244 2957 vocalem
271 2883 454 2955 clidemus.
483 2882 601 2977 ltaque
628 2884 800 2979 posterius
825 2881 1074 2955 hemistichium
1100 2903 1189 2954 ean-

83 2999 158 3072 dem
184 2998 259 3071 fere
285 2998 429 3092 liguram
456 3000 609 3094 recipiet,
636 3020 738 3091 quam
764 2996 866 3069 hahet
890 2997 967 3069 hoc:

446 3164 737 3257 Samniovcepit.

82 3325 190 3399 Elisio
216 3331 307 3399 enim
333 3327 418 3399 nihil
455 3326 583 3415 ohstat,
619 3331 700 3424 quin
736 3328 843 3401 thesis
876 3329 1067 3415 intercidat,
1098 3348 1189 3420 qua·

82 3450 216 3538 propter
242 3445 277 3513 in
305 3446 505 3537 pentametri
531 3464 678 3514 caesura
703 3441 742 3513 fit
758 3450 795 3513 ut
811 3442 952 3514 vocales
970 3442 1189 3535 coniungan-

82 3563 146 3639 tur,
175 3559 271 3629 utin
298 3557 362 3628 hoc
389 3556 593 3630 Catulliana:

208 3719 282 3794 Nec
307 3729 445 3817 genitor
469 3723 700 3822 Nympharum
724 3724 829 3796 ahluit
853 3721 1025 3795 &aarum

85 3877 119 3952 ln
144 3886 264 3958 eodem
290 3886 329 3960 i.
351 3890 520 3987 Scipionis
547 3893 660 3989 elogio
685 3901 739 3964 cst
762 3890 817 3962 hic
835 3912 973 3964 versus:

290 4055 457 4133 Duonoro
483 4069 639 4156 optumo.
716 4059 809 4135 tetro
832 4063 919 4148 viro,
