2746 4530
657 299 702 372 4-9

125 515 155 586 ei
178 511 268 583 hunc
294 534 433 584 versum
459 520 653 605 comparet:

475 674 870 764 mmmm,
1070 687 1072 692 ’

125 849 160 918 in
186 866 255 938 quo
281 845 370 915 idom
396 865 499 913 unum
526 851 702 914 occentum
728 842 874 937 recipit?
912 843 1040 930 Quodsi
1066 847 1236 920 conside.

126 982 257 1045 ramus,
298 959 469 1052 quomodo
495 963 682 1052 composita
708 965 847 1046 sonent,
887 962 988 1031 eliam
1016 960 1078 1035 hoe
1104 965 1139 1036 in
1165 985 1234 1056 ge-

125 1099 212 1151 nere
244 1097 285 1146 en
313 1097 332 1144 a
359 1073 490 1147 dnobus
515 1074 660 1146 vocibus
691 1097 798 1169 prope
823 1095 892 1147 non
917 1075 1052 1148 dillerre
1078 1078 1239 1151 cuimod-

124 1191 305 1262 vertimus.
365 1186 458 1258 Nihil
483 1190 574 1259 enim
600 1191 744 1261 interest
769 1189 811 1260 od
837 1200 982 1275 sonum‚'
999 1199 1111 1263 utrum
1136 1214 1235 1283 prue-

126 1308 251 1402 poeitio
278 1302 322 1373 at
347 1326 411 1398 per
442 1325 481 1374 se
512 1310 647 1375 constet
673 1326 715 1374 an
742 1327 819 1375 cum
845 1326 900 1394 eo,
926 1305 1015 1398 quod
1039 1313 1094 1378 est
1119 1306 1234 1397 Rode,

130 1423 353 1514 compositum
380 1422 435 1505 sit,
471 1441 665 1512 quanquam
691 1421 725 1490 in
750 1441 837 1498 voce
865 1419 1023 1506 Breuci,
1051 1425 1148 1494 cuius
1174 1446 1238 1495 se-

131 1534 237 1607 cunda
264 1533 361 1604 litera
393 1533 513 1605 eedem
540 1541 605 1615 est,
635 1556 654 1604 a
680 1557 746 1628 quo
770 1557 842 1607 vox
870 1534 970 1606 Rode
995 1540 1125 1631 incipit,
1154 1537 1174 1609 d
1199 1540 1238 1611 li-

127 1658 199 1724 torn
216 1654 253 1720 in
270 1673 293 1740 p
311 1671 379 1721 non
405 1657 565 1732 mutatur,
593 1650 853 1743 nequeeodem
879 1652 978 1723 modo
1004 1662 1126 1725 sonent
1151 1674 1237 1726 eoe-

127 1765 204 1837 dem
223 1765 400 1836 literarum
426 1763 683 1858 complexiones
701 1765 735 1833 in
756 1766 820 1849 eis,
849 1787 938 1858 quae
956 1774 1035 1837 sunt
1050 1766 1238 1862 Feip-linp

127 1888 161 1952 et
191 1877 324 1972 piciclo,
367 1877 522 1950 tot-tet
555 1887 589 1949 et
619 1877 708 1965 Blci,
748 1876 976 1952 Broc-morte
1008 1887 1044 1950 et
1074 1881 1235 1974 widmen,

127 1993 343 2069 db-ndltmn
369 2001 401 2064 et
427 1992 538 2080 Eine,
572 1992 737 2064 dudd-lde
762 2001 797 2064 et
821 1992 945 2081 Adlcr,
971 1993 1152 2086 dte-peden
1179 1995 1238 2067 vel

129 2110 318 2201 Krdn-pdl
343 2116 377 2178 el
401 2106 558 2201 Marmei,
598 2110 804 2194 do-ltndfen
830 2117 865 2178 et
891 2107 1016 2195 Eukel,
1055 2109 1235 2181 Kircltcn-

128 2223 213 2296 cddr
245 2231 282 2294 et
316 2221 492 2311 muncler,
530 2225 566 2292 in
599 2221 721 2314 quibus
752 2223 835 2314 scip,
862 2221 948 2310 dod,
977 2222 1089 2309 Broc,
1117 2232 1231 2296 cetere

131 2338 252 2411 eodem
280 2336 379 2407 modo
405 2336 574 2420 dicuntur,
603 2358 642 2406 nc
668 2337 697 2408 si
723 2336 797 2408 solu
814 2339 894 2426 sint,
919 2359 1122 2432 quanquam,
1149 2359 1237 2432 quoe

130 2458 342 2536 insecuntur,
371 2458 601 2523 consonantes
628 2451 728 2522 alium
755 2472 879 2523 sonum
906 2451 1090 2546 postulant.
1145 2448 1241 2538 Quae

131 2589 207 2643 cnm
239 2575 308 2638 tom
340 2565 418 2636 laxe
451 2568 629 2637 coniuncto
663 2569 750 2650 sint,
790 2574 827 2637 ut
860 2589 879 2636 a
912 2564 1125 2660 simplicibus
1151 2586 1238 2638 sono

131 2703 198 2753 non
224 2680 392 2765 differant,
428 2681 517 2751 inter
541 2687 719 2772 utramque
743 2701 867 2751 rocem
884 2678 1054 2751 diaeresis
1072 2678 1238 2774 quaedum

133 2799 188 2882 eil,
217 2817 363 2869 necesse
388 2803 451 2866 cst.
507 2793 576 2866 Sed
609 2796 774 2887 quoniam
799 2790 1048 2865 Germanorum
1076 2801 1239 2870 accentus

132 2933 309 3004 nunquam
345 2912 420 2981 sine
446 2909 595 2980 diceresi
622 2931 702 2980 sese
727 2911 889 3002 excipere
914 2908 1239 2993 demonstravimus,

133 3048 222 3120 quae
252 3025 390 3097 tandem
416 3045 580 3096 versuum
609 3022 891 3094 Germanicorum
917 3020 1102 3095 similitudo
1127 3021 1242 3092 homi-

134 3137 236 3211 uibus
263 3137 371 3210 doctis
396 3140 579 3233 persuasit,
605 3144 643 3207 ut
663 3140 700 3209 in
716 3135 948 3209 Romanorum
973 3134 1135 3207 versibus
1160 3134 1241 3206 tlte·

135 3257 200 3324 sim
227 3256 303 3324 sine
327 3253 397 3324 ullo
423 3252 606 3324 intervallo
625 3255 732 3324 omitti
748 3248 958 3323 censerent?
983 3246 1071 3322 Nom
1097 3252 1126 3321 si
1146 3244 1242 3318 Ger-

134 3390 312 3441 manorum
338 3369 498 3462 exemplo
523 3371 662 3451 utimur,
697 3387 839 3460 quorum
864 3384 1121 3458 versusprope
1146 3362 1239 3433 nulla

134 3505 173 3554 re
198 3506 219 3554 c
246 3504 406 3555 sermone
438 3482 633 3576 quotidiano
666 3477 878 3564 differebant,
920 3481 1020 3550 etiam
1047 3480 1082 3547 in
1106 3475 1240 3547 Romn-

136 3621 256 3677 norum
283 3621 441 3672 sermone
459 3599 610 3694 pedestri
627 3596 793 3669 debemus
811 3593 935 3689 aliquid
953 3594 1118 3676 indicare,
1147 3613 1239 3684 quo·-

135 3722 277 3809 propter
317 3715 413 3787 thesi
444 3717 572 3787 omissa
604 3713 688 3785 duos
720 3715 811 3785 ictus
843 3713 1002 3783 metricos
1034 3729 1241 3780 concurrere

137 3828 353 3903 arbitremur.
411 3827 496 3901 (lum
530 3836 642 3898 nutem
670 3830 704 3896 in
729 3824 958 3897 Romnnomm
992 3824 1146 3894 oratione
1171 3844 1241 3916 pe·

140 3943 245 4017 destri
270 3965 384 4038 neque
410 3965 508 4015 arses
533 3962 649 4034 neque
673 3939 791 4013 theses
808 3936 949 4024 luerint,
975 3944 1044 4009 toto
1062 3958 1119 4008 res
1138 3955 1241 4029 quam

139 4054 233 4129 fluxo
259 4061 386 4129 nitatur
410 4055 647 4142 fundamento,
675 4056 751 4148 quis
775 4061 843 4144 est,
872 4055 953 4148 quin
979 4047 1180 4142 intelleget?

1114 4167 1135 4236 4
