2746 4530
665 284 709 356 32

300 493 355 563 IIo
372 513 555 582 apyrenum
579 516 723 585 roparm
741 517 787 565 110
803 497 1035 568 nnrcdainrru.

299 589 353 659 Ilo
370 609 548 674 cnenann,
566 612 715 663 nonnum
732 595 975 664 cenenum.-
1081 672 1085 677 ,

179 736 385 809 Scaudinavi
410 746 538 824 autem,
564 746 600 809 ut
623 741 658 810 in
675 740 873 812 trochaeum
891 763 1018 813 versus
1036 747 1164 831 exiret,
1184 766 1243 816 se·

130 850 329 923 cundarium
348 853 456 923 ultimi
474 853 634 924 vocabuli
655 862 833 925 accentum
847 855 1086 949 deprimebant
1098 856 1142 928 ad
1154 857 1240 930 hunc

129 967 263 1037 modum
276 990 284 1036 :

495 1101 565 1172 Era
582 1102 630 1173 nd
647 1101 816 1194 vaenligt,

128 1253 205 1301 cnm
223 1232 402 1304 dicendum
428 1241 522 1304 esset
544 1233 717 1325 cadoltpt,
746 1255 1044 1329 supervacaneam
1058 1243 1171 1308 autem
1184 1259 1245 1310 vo·

129 1346 239 1418 colem
257 1348 441 1435 eiciebant,
466 1357 503 1418 ut
527 1370 587 1443 pro
606 1370 659 1438 eo,
685 1348 774 1443 quod
792 1357 845 1420 est
861 1350 1047 1437 mctcincr,
1074 1354 1110 1422 in
1134 1374 1240 1425 versu

130 1462 286 1532 dicerent

512 1591 607 1665 Mlns
631 1593 816 1664 malvincr.

128 1741 310 1814 llehraeos
329 1747 363 1815 in
382 1767 504 1839 pausa,
533 1766 633 1838 quam
653 1767 776 1817 versus
796 1749 927 1816 exitum
945 1749 1064 1816 nescio
1076 1769 1128 1836 ,an
1146 1755 1240 1819 recte

128 1859 348 1952 interpreter,
377 1867 552 1928 accentum
577 1862 755 1929 retrahere
774 1860 891 1931 solitos
910 1881 1001 1945 esse,
1025 1868 1062 1930 ut
1087 1861 1242 1932 dicerent

122 1972 253 2064 jtptolu
271 1995 333 2066 pro
351 1973 497 2065 jtqtetc,
526 1972 616 2042 lechi
633 1995 695 2067 pro
713 1973 817 2057 lechi,
845 1976 906 2043 dot
923 1997 986 2068 pro
1004 1979 1079 2059 cni,
1101 1975 1203 2048 didici
1222 1999 1242 2049 e

126 2084 248 2156 Maiori
267 2085 366 2171 libro,
389 2091 444 2178 qui
464 2090 646 2180 inscriptus
665 2095 719 2157 est
745 2086 842 2171 „Die
861 2087 1035 2181 pcetische
1053 2087 1238 2162 National-

127 2199 283 2278 literatnr
307 2200 368 2271 der
391 2200 575 2271 Hebraer“
608 2200 771 2295 (Leipzig
799 2201 921 2290 1856),
952 2225 986 2296 p.
1019 2202 1077 2273 68.
1126 2203 1238 2289 Quem

129 2337 257 2387 versus
292 2323 419 2386 exitum
451 2319 552 2386 etiam
584 2314 816 2386 Romanorum
863 2319 1034 2411 proprium
1072 2315 1183 2389 inisse
1213 2327 1246 2390 et

129 2432 228 2522 pauci
254 2427 397 2498 fratrum
422 2427 599 2498 Arvalium
632 2450 718 2520 quos
743 2429 893 2500 vidimus
918 2451 1044 2500 versus
1070 2437 1105 2500 et
1131 2433 1244 2525 ipsius

127 2542 266 2634 linguae
284 2541 428 2612 Latinae
445 2551 566 2612 natura
584 2543 771 2614 declarant.
799 2541 887 2613 Nam
908 2565 986 2613 cum
1004 2542 1153 2629 iambus,
1175 2567 1242 2638 quo

128 2678 251 2728 versus
272 2657 545 2741 concluderetur,
574 2679 681 2750 purus
706 2679 786 2729 esse
811 2655 966 2741 deberet,
993 2659 1026 2727 in
1045 2665 1138 2728 tanta
1155 2681 1245 2754 pro-

128 2771 303 2840 ducturum
329 2769 500 2840 vocalium
531 2771 743 2842 multitudine
769 2772 875 2841 multo
901 2769 1035 2841 facilius
1069 2780 1143 2843 erat
1166 2780 1243 2844 tro-

128 2885 235 2955 chaeo
253 2907 394 2956 versum
412 2885 586 2969 claudere,
608 2889 705 2955 cuius
736 2884 843 2955 thesis
863 2886 920 2956 vel
934 2884 1075 2980 produci
1088 2893 1238 2981 poterat,

129 3020 217 3092 quae
237 3006 352 3068 autem
369 2997 617 3092 praecedebat,
641 2999 699 3069 vel
718 3001 799 3069 item
816 2998 958 3093 produci
974 2999 1045 3083 vel,
1066 3007 1101 3069 ut
1120 3003 1155 3070 in
1173 2999 1238 3071 hoc

126 3112 265 3184 horrido
284 3134 410 3183 versus
429 3134 560 3204 genere
578 3111 652 3182 lere
670 3111 719 3201 lit,
748 3135 891 3206 prorsus
909 3117 987 3184 eici.
1025 3112 1157 3184 Verum
1183 3114 1243 3186 uhi

127 3231 273 3323 primum
292 3227 421 3298 axillis
440 3229 637 3322 primitiviS,
664 3235 699 3296 ut
722 3230 768 3297 ita
792 3227 915 3311 dicam,
943 3229 1098 3298 numeris
1115 3249 1243 3300 verens

127 3342 253 3438 prodiit
277 3342 398 3414 cultior
425 3350 459 3412 et
481 3342 632 3437 politior,
660 3342 750 3436 quod
774 3352 874 3413 antea
895 3343 1097 3436 plerumque
1116 3342 1245 3416 chaer-

126 3455 286 3541 vabatur,
308 3459 374 3527 iam
394 3455 514 3536 textit,
535 3478 623 3550 quae
640 3474 814 3550 nunquam
832 3455 1037 3548 neglegitur,
1063 3463 1101 3526 ut
1116 3477 1244 3532 versus

129 3579 302 3641 extremus
328 3569 370 3640 ad
394 3578 522 3640 certam
543 3570 690 3663 aliquam
710 3569 865 3662 regulam
885 3566 1127 3641 conformetur.
1168 3570 1246 3659 lta-

129 3705 196 3778 que
214 3683 427 3754 Graecorum
456 3705 596 3754 versum
621 3684 793 3778 politicum
813 3683 942 3755 nullum
961 3687 1154 3770 inveneris,
1183 3687 1243 3779 qui

126 3799 225 3870 aliter
249 3806 350 3890 atque
373 3797 534 3869 trochaeo
558 3798 748 3887 claudatur,
776 3820 891 3892 neque
915 3797 1054 3870 Slocum
1072 3798 1240 3888 Indicum,

126 3917 183 4009 qui
209 3934 277 3984 nou
311 3911 436 3983 iambo.
480 3911 524 3984 Et
563 3934 639 3984 cum
672 3913 967 3986 Scandinavorum
1008 3935 1134 3986 versus
1175 3919 1243 3988 tri·

7 4059 12 4063 ·
123 4029 224 4120 metri
250 4026 349 4098 mcdc
382 4031 418 4098 in
451 4031 569 4113 arsim,
605 4026 705 4098 modo
733 4031 770 4098 in
805 4026 928 4098 thesim
952 4027 1086 4113 cadant,
1121 4027 1243 4102 Drou-
