2746 4530
679 315 731 386 86²

155 546 234 612 one,
261 532 336 594 tum
361 522 519 608 vocibus,
548 524 656 617 qualis
694 531 748 596 est
782 525 976 616 paraliticus,
1021 499 1259 596 confirmatur.

154 639 342 710 Poudlicua
367 642 457 709 enim
483 639 738 732 val-puplicae,
768 644 830 710 etsi
869 662 929 734 pro
968 641 1148 733 populicua
1185 642 1263 711 dic·

154 762 224 824 tum
247 762 311 836 est,
339 762 456 824 tamen
488 757 636 848 primam
675 754 875 847 productam
913 754 1027 840 babet,
1068 766 1116 844 ut,
1164 764 1263 850 post-

156 891 261 962 quam
298 871 476 962 positionis
515 871 571 938 vis
609 871 793 939 imminuta
833 873 888 958 sit,
916 870 1046 941 vocalis
1084 870 1261 961 longitudo

156 991 328 1054 servetur
364 982 482 1075 ltaque
508 991 585 1053 ante
612 984 865 1078 complexiones
892 1009 951 1053 na
959 994 993 1056 et
1016 987 1064 1074 of
1083 987 1262 1078 positionis

158 1100 366 1167 memoriam
393 1098 538 1166 naturali
564 1098 739 1167 vocalium
765 1097 975 1190 longitudine
1017 1097 1137 1193 lultaqr
1166 1120 1261 1183 esse,

158 1218 301 1282 testatur
327 1211 449 1282 Cicero
475 1210 685 1282 Oratorisc.
718 1213 774 1284 48
801 1211 956 1298 Etenim,
984 1215 1052 1283 nisi
1079 1152 1265 1283 saltemne

157 1325 346 1396 admodum
371 1327 495 1397 leviter
521 1327 789 1422 appellarentur,
817 1349 881 1398 non
899 1329 1055 1398 licuisset
1071 1327 1191 1398 Plauto
1205 1351 1262 1414 ea,

156 1463 245 1534 quae
272 1449 351 1512 sunt
374 1442 501 1511 sedena
537 1450 572 1512 et
608 1441 740 1527 ludens,
769 1450 912 1534 utraque
950 1451 1104 1538 correpta
1142 1443 1266 1513 dicere.

156 1552 293 1625 Eodem
319 1555 418 1626 modo
436 1559 566 1626 amissa
585 1559 753 1650 positione
781 1554 904 1625 Graeci
924 1556 1083 1626 dixerunt
1100 1555 1268 1651 ἀλλήλους

157 1689 220 1762 pro
245 1667 420 1746 ἀλλάλλοις
444 1679 478 1740 et
515 1669 643 1741 Persae
669 1673 703 1740 in
726 1668 903 1754 versibus,
932 1692 1012 1738 cum
1037 1671 1169 1741 vocalis
1208 1674 1269 1742 in-

158 1786 323 1878 terposita
362 1792 471 1869 esset,
507 1785 683 1856 mdbemdn
717 1808 777 1879 pro
817 1783 982 1868 arataeo,
1023 1783 1174 1856 bdacidn
1205 1808 1269 1882 pro

159 1897 298 1968 ductdn.
341 1898 428 1985 Quid
466 1923 508 1970 ea
548 1922 831 1981 commemorem,
870 1902 903 1969 in
942 1899 1065 1991 quibus
1108 1903 1268 1994 ingratae

158 2014 410 2107 complexionis
450 2016 612 2085 vitandae
649 2038 752 2086 causa
791 2036 943 2086 consona
969 2023 1047 2085 ante
1073 2037 1265 2087 consonam

160 2130 246 2201 elisa
271 2130 343 2201 est?
370 2131 537 2223 Poplicua
562 2132 801 2224 igitur-baec
828 2135 923 2202 enim
960 2129 1071 2202 forma
1099 2136 1269 2226 antiquior

161 2243 264 2314 luerit
292 2267 438 2315 necesse
463 2254 516 2316 est
541 2287 586 2300 -
612 2251 764 2341 primam
790 2247 967 2341 positionis
1002 2247 1037 2314 vi
1065 2247 1265 2338 productam

160 2359 339 2430 habuerat.
370 2357 461 2431 Nam
487 2385 508 2430 a
535 2362 684 2445 literam,
714 2383 801 2455 qnae
827 2364 861 2430 in
886 2381 974 2430 voce
987 2359 1138 2450 popular
1156 2369 1263 2446 esset,

159 2478 308 2544 eiectam
334 2474 416 2544 nibil
450 2475 491 2545 ad
518 2475 776 2570 producendum
813 2476 979 2560 valuisse,
1014 2474 1110 2543 brevi
1151 2478 1268 2569 priore

155 2589 254 2682 popli
281 2599 434 2684 apparet.
477 2590 513 2661 ln
552 2591 675 2662 beroo·
696 2613 803 2661 versu
844 2595 912 2660 iam
941 2590 1028 2685 apud
1055 2589 1206 2660 Ennium
1234 2599 1270 2661 ct

159 2702 326 2775 Lucilium
353 2705 452 2776 buius
478 2709 653 2800 positionis
686 2705 842 2799 exempla
883 2708 1114 2775 inveniuntur.
1158 2703 1267 2790 Quid?

159 2818 299 2891 Plautus
325 2843 438 2891 nonne
472 2820 603 2890 nullam.
631 2824 705 2891 eius
731 2821 901 2890 rationem
939 2818 1101 2890 babuisse
1127 2819 1268 2891 dicitur?

159 2933 351 3005 Attamen
377 2934 441 3005 boo
467 2935 676 3029 producendi
714 2957 845 3027 genere
883 2955 967 3005 usus
1000 2942 1054 3004 est
1091 2936 1126 3003 in
1160 2957 1268 3006 versu

163 3048 998 3142 tractarenon1v‚5(v,1),18(1208):

210 3181 297 3253 Sunt
323 3183 413 3252 domi
439 3186 519 3274 agni
546 3191 579 3252 et
604 3186 699 3277 porci
723 3195 853 3253 sacres.
885 3185 938 3252 set
963 3182 1042 3275 quid
1068 3184 1168 3251 istum
1207 3205 1270 3252 re-

956 3276 1163 3349 moramini?

162 3393 228 3465 Ubi
255 3392 494 3463 animadverte
519 3416 586 3464 urna
613 3416 693 3463 cum
720 3396 886 3487 positione
912 3394 1120 3462 nominativi
1146 3393 1270 3486 plura-

163 3509 204 3579 lis
230 3512 512 3579 terminationem
539 3506 887 3600 antiquissimam‚ex
908 3508 1155 3597 (praeconiales,
1182 3505 1271 3577 bano

162 3625 313 3716 priscam
339 3622 558 3692 sacerdotum
597 3622 707 3689 fuisse
745 3617 941 3690 formulam.
983 3618 1133 3703 Deinde,
1162 3640 1268 3711 quem

162 3737 204 3809 ad
230 3738 373 3809 modum
400 3736 498 3806 rubri
524 3757 625 3807 casus
651 3735 777 3828 obliqui
801 3737 893 3804 cirea
918 3734 987 3802 divi
1006 3731 1158 3824 Augusti
1176 3739 1268 3804 teru-

162 3870 244 3943 pore
272 3874 294 3918 u
321 3852 418 3921 litera
445 3851 606 3946 producta
632 3849 844 3936 dicebantur,
879 3856 915 3917 ut
951 3855 1089 3941 praeter
1123 3845 1270 3918 Lucretii

162 3963 224 4047 vl,
254 3967 337 4051 402,
359 3966 448 4058 quod
475 3968 599 4054 sciam,
619 3964 747 4035 nullum
767 3962 841 4034 lere
858 3971 1037 4057 correptae
1063 3962 1270 4056 exemplum

161 4088 327 4164 exstaret,
353 4084 400 4150 ita
427 4080 520 4149 idem
546 4079 684 4151 Plautus
710 4080 794 4150 dixit
817 4077 919 4148 Truc.
949 4076 993 4161 11,
1023 4077 1058 4159 2,
1089 4078 1147 4146 39:
