2746 4530
654 254 699 326 58

125 467 227 538 licum
252 467 345 538 cbot.
375 464 475 538 Serbi
502 474 613 536 autem
646 474 679 537 et
704 465 849 538 Bobemi
887 491 949 562 pro
988 471 1136 562 antiquis
1162 494 1233 542 vo-

125 581 257 653 calibus
283 606 300 652 r
326 589 361 652 et
386 603 417 661 ι,
445 603 530 674 quas
557 590 635 652 ante
659 605 680 651 r
706 591 741 652 et
764 582 777 652 l
799 604 869 653 uon
896 583 996 676 plane
1029 590 1229 675 amiserunt,

127 700 229 769 etiam
255 719 345 768 nunc
372 695 456 766 nihil
481 704 632 791 ponunt,¹
651 705 688 766 ut
711 698 747 766 iu
773 697 829 766 his
851 699 980 790 pronp',
1005 697 1107 792 plagi,
1133 701 1229 788 olco,

123 817 213 901 prot,
238 810 351 899 bruto,
378 833 509 903 upcma,
544 833 654 903 mpnc,
690 833 787 902 apua,
817 812 997 883 similibus.
1039 813 1105 884 Sed
1132 819 1232 886 etiam

126 933 367 1022 praeterret
398 925 410 994 l
445 929 479 996 in
506 929 657 996 carmine
684 924 868 996 bohemico
906 927 949 996 de
988 925 1172 1001 Oldericho
1198 937 1233 1003 et

119 1036 311 1110 Boleslavo
337 1062 352 1110 o
379 1040 491 1127 litera,
531 1061 606 1111 cum
632 1063 701 1111 non
734 1044 860 1136 scripta
897 1046 951 1128 sit,
991 1051 1105 1115 tamen
1143 1067 1232 1117 voce

127 1156 352 1250 exprimenda
378 1178 457 1227 esse
482 1154 697 1248 significatur
721 1155 785 1227 hoc
808 1179 929 1227 versu:

338 1305 471 1377 Hrnule
497 1311 548 1377 sie
573 1309 707 1377 saniem
733 1328 807 1378 osm
832 1306 981 1396 wladik,

127 1459 161 1522 et
184 1454 218 1523 in
244 1453 307 1524 boc
333 1458 494 1526 carminis
520 1454 563 1525 de
588 1455 777 1526 laroslavoz

336 1602 552 1677 Nevumoino
576 1626 638 1700 pro
664 1603 728 1676 tul
755 1607 919 1690 voievati,

128 1751 325 1846 inquibus,
354 1763 390 1825 ut
414 1758 448 1826 in
474 1757 697 1850 pentametris
723 1752 917 1838 trochaicis
953 1752 1061 1824 verba
1095 1777 1166 1824 orm
1202 1761 1237 1825 et

127 1866 209 1943 titt
236 1891 300 1962 per
323 1869 422 1941 binas
441 1869 589 1964 syllabas
609 1868 810 1964 appellanda
829 1890 910 1939 esse
931 1873 1149 1962 perspicuum
1163 1875 1232 1942 est.

130 1988 215 2072 Quid
242 1986 332 2081 quod
371 1988 472 2055 etiam
510 1984 617 2077 Angli
643 1988 731 2054 inter
767 2004 952 2053 consonam
990 1992 1025 2054 et
1060 1983 1234 2070 tsouum,

129 2105 186 2196 qui
223 2101 355 2171 vocalis
381 2097 456 2188 init,
483 2119 573 2168 nunc
599 2096 780 2170 scribendo
797 2118 865 2167 non
886 2096 1099 2192 exprimunt?
1117 2095 1237 2191 ltaque

128 2215 271 2305 flebilis,
299 2213 402 2299 tottii,
424 2234 636 2305 purpureas,
669 2211 812 2304 perutilis
850 2209 1045 2282 scribuntur
1069 2211 1128 2281 illa
1154 2215 1237 2304 qui-

116 2328 207 2400 ·dem
234 2332 310 2400 sine
334 2327 460 2411 vocali,
489 2327 549 2397 sed
586 2349 661 2397 eam
696 2326 805 2396 audiri
831 2325 1011 2396 ostendunt
1035 2326 1068 2395 bi
1093 2348 1234 2413 versus,

129 2446 186 2536 qui
213 2445 247 2512 iu
274 2440 419 2530 Byronii
443 2444 594 2511 carmine
621 2439 718 2512 Obild
744 2438 873 2510 Harold
899 2440 1070 2531 leguntur:

235 2606 383 2693 Where,
414 2630 498 2679 save
524 2607 593 2678 that
618 2605 730 2677 ieeble
756 2605 922 2692 iountaiu‚
952 2605 995 2675 all
1023 2609 1052 2675 is
1079 2606 1159 2677 still.

230 2704 302 2776 Nor
327 2705 460 2775 deem’d
486 2702 605 2774 belore
630 2703 682 2775 bis
709 2704 794 2774 little
820 2704 883 2796 dap
909 2724 985 2774 was
1011 2703 1112 2773 done.

235 2800 457 2894 Tbrougbout
481 2801 547 2872 this
574 2801 696 2896 purple
721 2801 813 2886 land,
841 2798 962 2871 where
1001 2803 1065 2870 law
1096 2822 1235 2914 secures

156 2982 160 2991 ,
243 2995 361 3091 Swept
385 3001 456 3066 into
482 2992 623 3069 wrecks
641 3016 733 3065 anon
759 2993 800 3087 by
827 2993 954 3065 Time’s
979 2896 1235 3086 urrggbtlbftidc.

132 3163 245 3260 Atque
272 3170 375 3235 etiam
402 3163 464 3234 sub
491 3167 571 3249 ictu,
599 3173 636 3234 nt
652 3167 685 3236 in
712 3164 864 3235 eiusdem
891 3163 993 3234 Bride
1019 3161 1057 3232 of
1079 3161 1233 3256 Abydos:

285 3313 451 3386 invisible
476 3315 529 3386 bis
556 3320 625 3409 airy
653 3318 782 3406 wings.

286 3411 372 3482 Will
398 3412 503 3507 sbape
529 3414 595 3484 and
621 3411 765 3506 syllable
791 3415 834 3481 its
861 3409 983 3482 sound.

133 3579 229 3667 Quae
255 3603 330 3652 cum
357 3584 402 3652 ita
428 3585 508 3666 siut,
535 3601 674 3666 versus,
703 3580 745 3651 de
772 3599 838 3672 quo
864 3581 1010 3671 agimus,
1047 3578 1093 3647 ita
1118 3576 1241 3670 legen·

133 3695 196 3766 dus
221 3695 369 3767 videtur:
574 3690 581 3701 Κ

182 3863 296 3934 Semol
322 3871 355 3933 te
381 3870 491 3946 orant,
519 3883 557 3932 se
582 3864 654 3932 voti
761 3858 906 3931 crebero
933 3856 1155 3938 condemnes,

135 4031 260 4120 inquo
287 4051 306 4098 e
332 4030 483 4114 literam,
508 4049 608 4120 quarn
633 4029 917 4122 interposuimus,
945 4045 1014 4095 nou
1053 4021 1153 4093 aliter
1177 4041 1243 4092 so-
