2746 4530
691 313 711 383 5

149 531 234 613 sint,
262 524 352 594 haud
390 544 557 617 prospero
596 519 708 592 Flavii
746 544 911 594 successu
950 521 1130 595 deterritos
1167 529 1260 596 viam

150 642 243 711 illam
256 638 478 710 falsissimam
497 640 564 707 iarn
582 658 650 706 non
671 640 893 728 ingressuros
912 658 1004 707 esse.
1022 638 1130 709 Multo
1149 646 1262 721 autem

151 758 261 826 malor
288 752 349 822 luit
372 772 538 822 numerus
568 772 697 837 eorum,
725 754 795 844 qui,
825 773 909 844 quas
943 751 1150 824 Ritsehelius
1182 755 1262 845 sig-

148 865 319 951 nificavit,
339 865 439 954 leges
456 870 514 934 crit
533 861 618 932 nihil
635 871 803 934 mutantes
822 872 1050 957 sequerentur
1069 872 1126 934 aut
1141 864 1271 935 eadem

150 979 299 1051 adhiblta
323 977 446 1068 regula
474 976 656 1067 diligenter
682 981 921 1046 examinarent
947 985 1047 1069 atque
1071 983 1262 1048 accuratius

149 1098 325 1186 artiusque
343 1088 678 1161 circumscriberent.
701 1093 850 1175 Quorum
868 1091 921 1161 hie
940 1095 1077 1161 nomIno
1097 1089 1259 1177 Ileilium,

147 1206 390 1294 Ilihhechium,
420 1204 628 1291 Vuhlenum,
658 1203 906 1293 Guentherum,
935 1206 1184 1278 Buechelerum
1212 1216 1260 1295 et,-

146 1326 206 1415 qui
232 1322 273 1392 ad
299 1342 421 1391 verum
448 1342 537 1390 unus
562 1323 719 1413 proxime
747 1326 906 1406 accessit,
936 1320 1110 1393 Andream
1140 1322 1258 1417 Speu-·
1321 1319 1328 1330 “

145 1437 285 1528 gelium.
314 1433 378 1504 Hic
406 1436 496 1504 enirn
523 1437 558 1503 in
584 1433 704 1504 Philol.
732 1434 851 1504 XXIII
877 1460 911 1531 p.
950 1437 993 1509 81
1029 1460 1104 1531 sqq.
1140 1439 1262 1532 partlm
1357 1425 1359 1427 ¹

145 1552 212 1634 eis,
241 1571 328 1642 quae
355 1546 549 1618 Corssenus
575 1548 617 1618 de
645 1551 784 1642 antiqua
823 1550 961 1641 linguae
999 1548 1141 1621 Latinae
1175 1571 1281 1644 pro--

145 1665 242 1737 sodia
268 1663 466 1747 tradiderat,
495 1668 703 1757 praeceptis,
744 1666 868 1757 partim
903 1668 968 1748 cis,
1015 1687 1102 1757 quae
1145 1667 1263 1759 ipseo

146 1781 255 1850 Plauti
297 1776 459 1872 operibus
504 1776 678 1861 hauserat,
720 1778 902 1867 ingeniose
944 1799 1028 1848 usus
1066 1799 1140 1847 eum
1181 1777 1261 1864 alia,

147 1904 215 1964 tum
250 1892 335 1963 haec
367 1895 494 1985 optime
527 1890 783 1973 demonstravit,
814 1890 930 1961 theses
963 1893 1030 1960 nisi
1061 1891 1195 1961 medias
1229 1892 1263 1961 in

146 2016 268 2078 neutro
295 2004 509 2075 IremiStichIo
538 2007 713 2099 supprimi,
732 2027 912 2075 caesuram
931 2027 1000 2075 non
1018 2005 1109 2074 illam
1128 2005 1263 2097 quidem

152 2121 296 2212 negligi,
327 2118 387 2190 sed
415 2118 583 2213 duplicem
623 2141 717 2208 esse,
756 2120 908 2194 ultImam
948 2120 1069 2190 thesim
1108 2122 1264 2189 neutrius

152 2236 280 2307 dimidii
307 2234 409 2305 solvi.
440 2232 505 2303 Sed
534 2240 645 2301 tamen
674 2232 755 2312 mihi
781 2255 854 2302 rem
882 2255 987 2327 saepe
1015 2255 1054 2302 ac
1082 2232 1264 2323 diligenter

152 2348 384 2418 consideranti
409 2368 453 2417 ne
479 2347 532 2415 hic
558 2347 696 2439 quidem
717 2369 835 2416 verum
867 2351 1063 2441 repperisse
1080 2349 1178 2416 visus
1197 2350 1264 2430 est,

154 2485 231 2532 cum
273 2469 309 2530 et
350 2460 493 2531 thesium
535 2463 830 2553 suppressionem,
870 2464 1027 2553 quamvis
1066 2457 1262 2546 artioribus,

148 2595 248 2665 quarn
276 2577 385 2668 prius,
414 2571 540 2644 linibus
567 2574 824 2667 descripsiSset,
853 2582 969 2643 tamen
988 2596 1056 2644 non
1075 2577 1157 2644 satis
1176 2571 1266 2642 suh-

150 2687 252 2757 liliter
278 2687 489 2766 delineasset
514 2694 548 2756 et
572 2689 769 2757 Terentiani
797 2687 936 2758 schema
962 2688 1021 2758 uel
1038 2696 1176 2783 praeter
1194 2709 1264 2784 mo·

148 2811 390 2891 camentorum
418 2805 652 2871 auctoritatem
679 2805 780 2871 nimis
807 2802 974 2891 religiose
1000 2803 1214 2874 custodisset.

198 2914 289 3007 Ego,
317 2922 354 2984 ut
380 2914 421 2984 ad
449 2936 504 2984 me
531 2915 679 3008 denique
706 2920 858 3004 reulum,
888 2919 1147 3011 inscriptiones,
1174 2940 1266 3010 qua-

151 3050 226 3098 rum
253 3030 446 3100 certissima
473 3038 526 3098 est
551 3027 649 3116 lides,
682 3033 780 3123 quasi
819 3054 881 3125 pro
908 3032 1127 3103 laudamento
1165 3031 1265 3102 huius

147 3147 262 3237 operis
290 3146 387 3236 posui
415 3143 517 3235 idque
545 3147 603 3233 ita,
630 3153 666 3214 ut
691 3145 775 3215 nihil
805 3148 839 3215 In
866 3151 917 3217 eis
944 3155 1144 3231 mutaretur,
1161 3150 1263 3217 etiam

146 3259 277 3326 sicum
304 3255 504 3327 Terentiani
532 3279 655 3328 norma
682 3258 736 3328 hle
763 3259 831 3329 illic
859 3282 927 3329 non
954 3269 1185 3351 congruerent
1203 3267 1263 3330 aut

146 3367 281 3460 legihus
309 3373 472 3461 metricis,
504 3393 589 3463 quas
623 3396 643 3442 e
682 3375 846 3466 poematis
874 3395 1002 3442 aureae
1029 3394 1117 3465 quae
1143 3373 1266 3444 dieitur

146 3487 266 3554 aetatis
303 3484 495 3569 didicimus,
532 3485 676 3555 subinde
707 3494 958 3580 repugnarent.
996 3484 1116 3578 Neque
1149 3493 1263 3555 tamen

146 3595 256 3668 Plauti
282 3605 318 3667 et
342 3597 492 3669 Terentii
519 3605 669 3670 rationes
697 3603 855 3670 metricas
883 3599 925 3668 ad
957 3602 1148 3669 iustitutum
1174 3621 1262 3670 nos-

144 3718 232 3782 trum
244 3711 406 3784 sullicere
425 3711 616 3784 arbitrabar
633 3736 744 3806 neque
763 3720 899 3808 praeter
916 3734 1081 3784 summam
1101 3716 1263 3784 necessi-

144 3817 247 3898 tatem
268 3826 478 3899 adhibendas
495 3850 587 3899 esse.
619 3828 728 3914 Quam
755 3828 799 3899 oh
827 3850 901 3897 rem
927 3827 1015 3898 hanc
1039 3831 1132 3898 viam
1159 3831 1263 3901 tutis-

146 3945 268 4012 simam
302 3963 382 4012 esse
421 3945 630 4021 existimavi,
671 3951 707 4013 ut
745 3952 779 4014 et
815 3943 1014 4014 Terentiam
1053 3945 1192 4014 schema
1229 3951 1265 4015 et

146 4079 276 4128 aureae
290 4060 411 4126 aetatis
426 4063 531 4126 ortem
547 4058 721 4127 metricam
736 4079 874 4152 semper
887 4079 954 4129 unu
974 4061 1183 4152 respicerem
1201 4074 1264 4129 ne·’
