<?xml version="1.0" encoding="UTF-8"?>
<!DOCTYPE html PUBLIC "-//W3C//DTD XHTML 1.0 Transitional//EN"
    "http://www.w3.org/TR/xhtml1/DTD/xhtml1-transitional.dtd">
<html xmlns="http://www.w3.org/1999/xhtml" xml:lang="en" lang="en">
 <head>
  <title>
</title>
<meta http-equiv="Content-Type" content="text/html;charset=utf-8" />
  <meta name='ocr-system' content='tesseract 3.04.00' />
  <meta name='ocr-capabilities' content='ocr_page ocr_carea ocr_par ocr_line ocrx_word'/>
</head>
<body>
  <div class='ocr_page' id='page_1' title='image "./deversusaturnio00soldgoog_0123.png"; bbox 0 0 2746 4530; ppageno 0'>
   <div class='ocr_carea' id='block_1_1' title="bbox 655 307 700 378">
    <p class='ocr_par' dir='ltr' id='par_1_1' title="bbox 655 307 700 378">
     <span class='ocr_line' id='line_1_1' title="bbox 655 307 700 378; baseline 0 0"><span class='ocrx_word' id='word_1_1' title='bbox 655 307 700 378; x_wconf 80' lang='lat'>98</span> 
     </span>
    </p>
   </div>
   <div class='ocr_carea' id='block_1_2' title="bbox 1 516 1250 1071">
    <p class='ocr_par' dir='ltr' id='par_1_2' title="bbox 1 516 1250 1071">
     <span class='ocr_line' id='line_1_2' title="bbox 180 516 1245 612; baseline 0.002 -23"><span class='ocrx_word' id='word_1_2' title='bbox 180 517 242 589; x_wconf 88' lang='lat' dir='ltr'>llis</span> <span class='ocrx_word' id='word_1_3' title='bbox 268 516 388 602; x_wconf 88' lang='lat' dir='ltr'>rebus,</span> <span class='ocrx_word' id='word_1_4' title='bbox 416 524 453 586; x_wconf 87' lang='lat' dir='ltr'>ut</span> <span class='ocrx_word' id='word_1_5' title='bbox 477 517 584 610; x_wconf 89' lang='lat' dir='ltr'>potui,</span> <span class='ocrx_word' id='word_1_6' title='bbox 606 516 787 609; x_wconf 77' lang='lat' dir='ltr'>explicatis</span> <span class='ocrx_word' id='word_1_7' title='bbox 805 518 870 586; x_wconf 91' lang='lat' dir='ltr'>iarn</span> <span class='ocrx_word' id='word_1_8' title='bbox 890 517 991 588; x_wconf 92' lang='lat' dir='ltr'>huius</span> <span class='ocrx_word' id='word_1_9' title='bbox 1010 522 1117 612; x_wconf 91' lang='lat' dir='ltr'>partis</span> <span class='ocrx_word' id='word_1_10' title='bbox 1144 518 1245 591; x_wconf 89' lang='lat' dir='ltr'>linem</span> 
     </span>
     <span class='ocr_line' id='line_1_3' title="bbox 130 628 1250 717; baseline 0.002 -17"><span class='ocrx_word' id='word_1_11' title='bbox 130 630 282 703; x_wconf 81' lang='lat' dir='ltr'>facturus</span> <span class='ocrx_word' id='word_1_12' title='bbox 309 651 418 715; x_wconf 86' lang='lat' dir='ltr'>eram,</span> <span class='ocrx_word' id='word_1_13' title='bbox 449 651 529 699; x_wconf 93' lang='lat' dir='ltr'>cum</span> <span class='ocrx_word' id='word_1_14' title='bbox 556 628 637 699; x_wconf 85' lang='lat' dir='ltr'>milri</span> <span class='ocrx_word' id='word_1_15' title='bbox 664 628 847 717; x_wconf 83' lang='lat' dir='ltr'>Bartschii‚</span> <span class='ocrx_word' id='word_1_16' title='bbox 882 633 950 700; x_wconf 91' lang='lat' dir='ltr'>viri</span> <span class='ocrx_word' id='word_1_17' title='bbox 976 634 1011 701; x_wconf 95' lang='lat' dir='ltr'>in</span> <span class='ocrx_word' id='word_1_18' title='bbox 1037 633 1193 705; x_wconf 80' lang='lat' dir='ltr'><strong>dialectis</strong></span> <span class='ocrx_word' id='word_1_19' title='bbox 1214 641 1250 704; x_wconf 92' lang='lat' dir='ltr'>et</span> 
     </span>
     <span class='ocr_line' id='line_1_4' title="bbox 132 741 1247 840; baseline 0.005 -27"><span class='ocrx_word' id='word_1_20' title='bbox 132 742 346 815; x_wconf 88' lang='lat' dir='ltr'>Germanicis</span> <span class='ocrx_word' id='word_1_21' title='bbox 373 751 408 813; x_wconf 88' lang='lat' dir='ltr'>et</span> <span class='ocrx_word' id='word_1_22' title='bbox 430 741 717 814; x_wconf 88' lang='lat' dir='ltr'>Romanensibus</span> <span class='ocrx_word' id='word_1_23' title='bbox 743 747 777 814; x_wconf 94' lang='lat' dir='ltr'>in</span> <span class='ocrx_word' id='word_1_24' title='bbox 803 746 927 839; x_wconf 89' lang='lat' dir='ltr'>primis</span> <span class='ocrx_word' id='word_1_25' title='bbox 953 749 1098 832; x_wconf 88' lang='lat' dir='ltr'>versati,</span> <span class='ocrx_word' id='word_1_26' title='bbox 1139 746 1247 840; x_wconf 90' lang='lat' dir='ltr'>libel-</span> 
     </span>
     <span class='ocr_line' id='line_1_5' title="bbox 1 855 1246 954; baseline 0.006 -28"><span class='ocrx_word' id='word_1_27' title='bbox 1 917 6 926; x_wconf 94' lang='lat'>.</span> <span class='ocrx_word' id='word_1_28' title='bbox 129 858 183 929; x_wconf 90' lang='lat' dir='ltr'>lus</span> <span class='ocrx_word' id='word_1_29' title='bbox 210 860 244 928; x_wconf 95' lang='lat' dir='ltr'>in</span> <span class='ocrx_word' id='word_1_30' title='bbox 269 865 496 951; x_wconf 88' lang='lat' dir='ltr'>conspectum</span> <span class='ocrx_word' id='word_1_31' title='bbox 521 859 628 927; x_wconf 85' lang='lat' dir='ltr'>venit.</span> <span class='ocrx_word' id='word_1_32' title='bbox 659 855 715 927; x_wconf 87' lang='lat' dir='ltr'>Ex</span> <span class='ocrx_word' id='word_1_33' title='bbox 740 879 808 950; x_wconf 91' lang='lat' dir='ltr'>quo</span> <span class='ocrx_word' id='word_1_34' title='bbox 833 858 1003 941; x_wconf 80' lang='lat' dir='ltr'>intellexi,</span> <span class='ocrx_word' id='word_1_35' title='bbox 1044 882 1246 954; x_wconf 80' lang='lat' dir='ltr'><strong>quanquam</strong></span> 
     </span>
     <span class='ocr_line' id='line_1_6' title="bbox 129 968 1247 1071; baseline 0.004 -28"><span class='ocrx_word' id='word_1_36' title='bbox 129 993 198 1043; x_wconf 92' lang='lat' dir='ltr'>non</span> <span class='ocrx_word' id='word_1_37' title='bbox 224 994 294 1044; x_wconf 94' lang='lat' dir='ltr'>uno</span> <span class='ocrx_word' id='word_1_38' title='bbox 320 975 353 1042; x_wconf 92' lang='lat' dir='ltr'>iu</span> <span class='ocrx_word' id='word_1_39' title='bbox 379 993 511 1061; x_wconf 81' lang='lat' dir='ltr'>genere</span> <span class='ocrx_word' id='word_1_40' title='bbox 540 968 752 1056; x_wconf 86' lang='lat' dir='ltr'>sufficerent,</span> <span class='ocrx_word' id='word_1_41' title='bbox 770 994 859 1065; x_wconf 91' lang='lat' dir='ltr'>quae</span> <span class='ocrx_word' id='word_1_42' title='bbox 886 974 976 1043; x_wconf 82' lang='lat' dir='ltr'>a&#39;me</span> <span class='ocrx_word' id='word_1_43' title='bbox 1002 977 1069 1044; x_wconf 91' lang='lat' dir='ltr'>iam</span> <span class='ocrx_word' id='word_1_44' title='bbox 1087 980 1247 1071; x_wconf 87' lang='lat' dir='ltr'>exposita</span> 
     </span>
    </p>
   </div>
   <div class='ocr_carea' id='block_1_3' title="bbox 118 1084 1247 2899">
    <p class='ocr_par' dir='ltr' id='par_1_3' title="bbox 118 1084 1247 2088">
     <span class='ocr_line' id='line_1_7' title="bbox 129 1084 1246 1185; baseline 0.004 -28"><span class='ocrx_word' id='word_1_45' title='bbox 129 1095 261 1172; x_wconf 91' lang='lat' dir='ltr'>essent,</span> <span class='ocrx_word' id='word_1_46' title='bbox 302 1108 372 1159; x_wconf 93' lang='lat' dir='ltr'>non</span> <span class='ocrx_word' id='word_1_47' title='bbox 411 1085 531 1156; x_wconf 87' lang='lat' dir='ltr'>inutile</span> <span class='ocrx_word' id='word_1_48' title='bbox 570 1084 719 1155; x_wconf 79' lang='lat' dir='ltr'>iirturnm</span> <span class='ocrx_word' id='word_1_49' title='bbox 759 1107 851 1171; x_wconf 88' lang='lat' dir='ltr'>esse,</span> <span class='ocrx_word' id='word_1_50' title='bbox 893 1090 924 1157; x_wconf 91' lang='lat' dir='ltr'>si</span> <span class='ocrx_word' id='word_1_51' title='bbox 950 1091 1107 1182; x_wconf 87' lang='lat' dir='ltr'>quamvis</span> <span class='ocrx_word' id='word_1_52' title='bbox 1135 1112 1246 1185; x_wconf 83' lang='lat' dir='ltr'>pauca</span> 
     </span>
     <span class='ocr_line' id='line_1_8' title="bbox 118 1200 1247 1308; baseline 0.002 -35"><span class='ocrx_word' id='word_1_53' title='bbox 118 1203 349 1308; x_wconf 77' lang='lat' dir='ltr'>adiecissem.</span> <span class='ocrx_word' id='word_1_54' title='bbox 379 1202 434 1274; x_wconf 89' lang='lat' dir='ltr'>Ac</span> <span class='ocrx_word' id='word_1_55' title='bbox 459 1204 614 1296; x_wconf 91' lang='lat' dir='ltr'>primum</span> <span class='ocrx_word' id='word_1_56' title='bbox 640 1200 729 1293; x_wconf 91' lang='lat' dir='ltr'>quod</span> <span class='ocrx_word' id='word_1_57' title='bbox 758 1207 940 1270; x_wconf 86' lang='lat' dir='ltr'>accentum</span> <span class='ocrx_word' id='word_1_58' title='bbox 981 1206 1014 1272; x_wconf 92' lang='lat' dir='ltr'>iu</span> <span class='ocrx_word' id='word_1_59' title='bbox 1039 1223 1149 1274; x_wconf 87' lang='lat' dir='ltr'>versu</span> <span class='ocrx_word' id='word_1_60' title='bbox 1177 1203 1247 1275; x_wconf 88' lang='lat' dir='ltr'>Sa-</span> 
     </span>
     <span class='ocr_line' id='line_1_9' title="bbox 127 1313 1247 1406; baseline -0.002 -17"><span class='ocrx_word' id='word_1_61' title='bbox 127 1320 241 1389; x_wconf 88' lang='lat' dir='ltr'>turnio</span> <span class='ocrx_word' id='word_1_62' title='bbox 266 1339 348 1388; x_wconf 90' lang='lat' dir='ltr'>oum</span> <span class='ocrx_word' id='word_1_63' title='bbox 373 1317 441 1386; x_wconf 91' lang='lat' dir='ltr'>ictu</span> <span class='ocrx_word' id='word_1_64' title='bbox 467 1316 610 1386; x_wconf 91' lang='lat' dir='ltr'>metrico</span> <span class='ocrx_word' id='word_1_65' title='bbox 636 1336 832 1406; x_wconf 80' lang='lat' dir='ltr'>congruere</span> <span class='ocrx_word' id='word_1_66' title='bbox 849 1315 964 1385; x_wconf 91' lang='lat' dir='ltr'>solere</span> <span class='ocrx_word' id='word_1_67' title='bbox 983 1313 1151 1402; x_wconf 83' lang='lat' dir='ltr'>affirmat,</span> <span class='ocrx_word' id='word_1_68' title='bbox 1172 1339 1247 1389; x_wconf 92' lang='lat' dir='ltr'>rem</span> 
     </span>
     <span class='ocr_line' id='line_1_10' title="bbox 127 1425 1247 1526; baseline -0.001 -23"><span class='ocrx_word' id='word_1_69' title='bbox 127 1432 229 1526; x_wconf 89' lang='lat' dir='ltr'>plane</span> <span class='ocrx_word' id='word_1_70' title='bbox 254 1433 425 1500; x_wconf 83' lang='lat' dir='ltr'>incertam</span> <span class='ocrx_word' id='word_1_71' title='bbox 450 1450 515 1522; x_wconf 92' lang='lat' dir='ltr'>pro</span> <span class='ocrx_word' id='word_1_72' title='bbox 542 1436 633 1498; x_wconf 88' lang='lat' dir='ltr'>certa</span> <span class='ocrx_word' id='word_1_73' title='bbox 660 1425 775 1497; x_wconf 89' lang='lat' dir='ltr'>habet.</span> <span class='ocrx_word' id='word_1_74' title='bbox 806 1426 915 1512; x_wconf 82' lang='lat' dir='ltr'>Quale</span> <span class='ocrx_word' id='word_1_75' title='bbox 955 1430 1052 1499; x_wconf 93' lang='lat' dir='ltr'>enim</span> <span class='ocrx_word' id='word_1_76' title='bbox 1084 1437 1247 1503; x_wconf 83' lang='lat' dir='ltr'>accentus</span> 
     </span>
     <span class='ocr_line' id='line_1_11' title="bbox 128 1540 1246 1637; baseline -0.002 -19"><span class='ocrx_word' id='word_1_77' title='bbox 128 1544 281 1618; x_wconf 89' lang='lat' dir='ltr'>studium</span> <span class='ocrx_word' id='word_1_78' title='bbox 306 1544 341 1613; x_wconf 92' lang='lat' dir='ltr'>in</span> <span class='ocrx_word' id='word_1_79' title='bbox 368 1541 539 1614; x_wconf 90' lang='lat' dir='ltr'>eiusmodi</span> <span class='ocrx_word' id='word_1_80' title='bbox 565 1540 726 1613; x_wconf 89' lang='lat' dir='ltr'>versibus</span> <span class='ocrx_word' id='word_1_81' title='bbox 754 1541 861 1628; x_wconf 88' lang='lat' dir='ltr'>dicas,</span> <span class='ocrx_word' id='word_1_82' title='bbox 890 1547 949 1635; x_wconf 91' lang='lat' dir='ltr'>qui</span> <span class='ocrx_word' id='word_1_83' title='bbox 986 1551 1063 1637; x_wconf 92' lang='lat' dir='ltr'>post</span> <span class='ocrx_word' id='word_1_84' title='bbox 1097 1544 1246 1616; x_wconf 90' lang='lat' dir='ltr'>alteram</span> 
     </span>
     <span class='ocr_line' id='line_1_12' title="bbox 129 1653 1247 1749; baseline 0.001 -20"><span class='ocrx_word' id='word_1_85' title='bbox 129 1661 237 1731; x_wconf 91' lang='lat' dir='ltr'>arsim</span> <span class='ocrx_word' id='word_1_86' title='bbox 270 1657 419 1729; x_wconf 89' lang='lat' dir='ltr'>diaeresi</span> <span class='ocrx_word' id='word_1_87' title='bbox 445 1654 658 1726; x_wconf 72' lang='lat' dir='ltr'>incidantur?</span> <span class='ocrx_word' id='word_1_88' title='bbox 686 1653 783 1740; x_wconf 83' lang='lat' dir='ltr'>Quae</span> <span class='ocrx_word' id='word_1_89' title='bbox 810 1678 876 1749; x_wconf 92' lang='lat' dir='ltr'>quo</span> <span class='ocrx_word' id='word_1_90' title='bbox 903 1659 1019 1749; x_wconf 85' lang='lat' dir='ltr'>magis</span> <span class='ocrx_word' id='word_1_91' title='bbox 1045 1656 1247 1731; x_wconf 84' lang='lat' dir='ltr'>observan-</span> 
     </span>
     <span class='ocr_line' id='line_1_13' title="bbox 127 1769 1246 1863; baseline -0.001 -18"><span class='ocrx_word' id='word_1_92' title='bbox 127 1782 194 1860; x_wconf 83' lang='lat' dir='ltr'>tur,</span> <span class='ocrx_word' id='word_1_93' title='bbox 225 1794 268 1844; x_wconf 93' lang='lat' dir='ltr'>eo</span> <span class='ocrx_word' id='word_1_94' title='bbox 294 1771 455 1843; x_wconf 89' lang='lat' dir='ltr'>meliores</span> <span class='ocrx_word' id='word_1_95' title='bbox 481 1778 561 1843; x_wconf 92' lang='lat' dir='ltr'>sunt</span> <span class='ocrx_word' id='word_1_96' title='bbox 585 1791 725 1856; x_wconf 88' lang='lat' dir='ltr'>versus,</span> <span class='ocrx_word' id='word_1_97' title='bbox 766 1772 929 1863; x_wconf 88' lang='lat' dir='ltr'>quamvis</span> <span class='ocrx_word' id='word_1_98' title='bbox 968 1769 1055 1840; x_wconf 89' lang='lat' dir='ltr'>hanc</span> <span class='ocrx_word' id='word_1_99' title='bbox 1094 1772 1246 1846; x_wconf 89' lang='lat' dir='ltr'>eandem</span> 
     </span>
     <span class='ocr_line' id='line_1_14' title="bbox 128 1884 1246 1980; baseline 0.002 -22"><span class='ocrx_word' id='word_1_100' title='bbox 128 1886 171 1958; x_wconf 90' lang='lat' dir='ltr'>ob</span> <span class='ocrx_word' id='word_1_101' title='bbox 198 1908 343 1958; x_wconf 89' lang='lat' dir='ltr'>causam</span> <span class='ocrx_word' id='word_1_102' title='bbox 369 1889 532 1956; x_wconf 91' lang='lat' dir='ltr'>accentus</span> <span class='ocrx_word' id='word_1_103' title='bbox 559 1889 594 1955; x_wconf 87' lang='lat' dir='ltr'>et</span> <span class='ocrx_word' id='word_1_104' title='bbox 620 1887 707 1956; x_wconf 93' lang='lat' dir='ltr'>ictus</span> <span class='ocrx_word' id='word_1_105' title='bbox 733 1889 899 1955; x_wconf 85' lang='lat' dir='ltr'>metricus</span> <span class='ocrx_word' id='word_1_106' title='bbox 925 1884 1130 1980; x_wconf 89' lang='lat' dir='ltr'>plerumque</span> <span class='ocrx_word' id='word_1_107' title='bbox 1157 1889 1246 1960; x_wconf 86' lang='lat' dir='ltr'>inter</span> 
     </span>
     <span class='ocr_line' id='line_1_15' title="bbox 128 1997 800 2088; baseline -0.01 -14"><span class='ocrx_word' id='word_1_108' title='bbox 128 2023 175 2074; x_wconf 84' lang='lat' dir='ltr'>se</span> <span class='ocrx_word' id='word_1_109' title='bbox 193 2000 393 2088; x_wconf 84' lang='lat' dir='ltr'>dissideant,</span> <span class='ocrx_word' id='word_1_110' title='bbox 423 2007 460 2069; x_wconf 91' lang='lat' dir='ltr'>ut</span> <span class='ocrx_word' id='word_1_111' title='bbox 483 2002 519 2069; x_wconf 93' lang='lat' dir='ltr'>in</span> <span class='ocrx_word' id='word_1_112' title='bbox 545 1998 597 2070; x_wconf 91' lang='lat' dir='ltr'>his</span> <span class='ocrx_word' id='word_1_113' title='bbox 623 1997 800 2071; x_wconf 86' lang='lat' dir='ltr'>versibus:</span> 
     </span>
    </p>

    <p class='ocr_par' dir='ltr' id='par_1_4' title="bbox 176 2127 1151 2223">
     <span class='ocr_line' id='line_1_16' title="bbox 176 2127 1151 2223; baseline -0.005 -19"><span class='ocrx_word' id='word_1_114' title='bbox 176 2131 307 2204; x_wconf 65' lang='lat' dir='ltr'>(tonsol</span> <span class='ocrx_word' id='word_1_115' title='bbox 331 2145 457 2223; x_wconf 85' lang='lat' dir='ltr'>censor</span> <span class='ocrx_word' id='word_1_116' title='bbox 483 2128 599 2202; x_wconf 90' lang='lat' dir='ltr'>aidilis</span> <span class='ocrx_word' id='word_1_117' title='bbox 756 2133 836 2222; x_wconf 90' lang='lat' dir='ltr'>quei</span> <span class='ocrx_word' id='word_1_118' title='bbox 862 2127 932 2200; x_wconf 77' lang='lat' dir='ltr'>furt</span> <span class='ocrx_word' id='word_1_119' title='bbox 956 2128 1045 2223; x_wconf 89' lang='lat' dir='ltr'>apud</span> <span class='ocrx_word' id='word_1_120' title='bbox 1071 2151 1151 2200; x_wconf 86' lang='lat' dir='ltr'>vos.</span> 
     </span>
    </p>

    <p class='ocr_par' dir='ltr' id='par_1_5' title="bbox 176 2224 1126 2320">
     <span class='ocr_line' id='line_1_17' title="bbox 176 2224 1126 2320; baseline -0.005 -20"><span class='ocrx_word' id='word_1_121' title='bbox 176 2227 304 2300; x_wconf 82' lang='lat' dir='ltr'>Consol</span> <span class='ocrx_word' id='word_1_122' title='bbox 330 2242 456 2297; x_wconf 85' lang='lat' dir='ltr'>consor</span> <span class='ocrx_word' id='word_1_123' title='bbox 481 2226 593 2297; x_wconf 89' lang='lat' dir='ltr'>aidilis</span> <span class='ocrx_word' id='word_1_124' title='bbox 756 2226 810 2296; x_wconf 94' lang='lat' dir='ltr'>hic</span> <span class='ocrx_word' id='word_1_125' title='bbox 836 2224 907 2296; x_wconf 83' lang='lat' dir='ltr'>luet</span> <span class='ocrx_word' id='word_1_126' title='bbox 932 2225 1021 2320; x_wconf 91' lang='lat' dir='ltr'>apud</span> <span class='ocrx_word' id='word_1_127' title='bbox 1046 2247 1126 2298; x_wconf 86' lang='lat' dir='ltr'>vos.</span> 
     </span>
    </p>

    <p class='ocr_par' dir='ltr' id='par_1_6' title="bbox 176 2320 1136 2410">
     <span class='ocr_line' id='line_1_18' title="bbox 176 2320 1136 2410; baseline -0.003 -15"><span class='ocrx_word' id='word_1_128' title='bbox 176 2323 299 2410; x_wconf 82' lang='lat' dir='ltr'>Quoiei</span> <span class='ocrx_word' id='word_1_129' title='bbox 323 2325 395 2393; x_wconf 83' lang='lat' dir='ltr'>vita</span> <span class='ocrx_word' id='word_1_130' title='bbox 422 2320 550 2394; x_wconf 83' lang='lat' dir='ltr'>deiecit</span> <span class='ocrx_word' id='word_1_131' title='bbox 759 2344 830 2394; x_wconf 91' lang='lat' dir='ltr'>non</span> <span class='ocrx_word' id='word_1_132' title='bbox 857 2322 965 2394; x_wconf 90' lang='lat' dir='ltr'>honos</span> <span class='ocrx_word' id='word_1_133' title='bbox 992 2321 1136 2393; x_wconf 87' lang='lat' dir='ltr'>honore.</span> 
     </span>
    </p>

    <p class='ocr_par' dir='ltr' id='par_1_7' title="bbox 175 2415 1108 2492">
     <span class='ocr_line' id='line_1_19' title="bbox 175 2415 1108 2492; baseline -0.003 0"><span class='ocrx_word' id='word_1_134' title='bbox 175 2420 372 2492; x_wconf 86' lang='lat' dir='ltr'>Inmortalis</span> <span class='ocrx_word' id='word_1_135' title='bbox 399 2420 557 2490; x_wconf 93' lang='lat' dir='ltr'>mortalis</span> <span class='ocrx_word' id='word_1_136' title='bbox 762 2421 792 2489; x_wconf 91' lang='lat' dir='ltr'>si</span> <span class='ocrx_word' id='word_1_137' title='bbox 817 2415 907 2489; x_wconf 85' lang='lat' dir='ltr'>foret</span> <span class='ocrx_word' id='word_1_138' title='bbox 930 2416 983 2488; x_wconf 85' lang='lat' dir='ltr'>fas</span> <span class='ocrx_word' id='word_1_139' title='bbox 1009 2416 1108 2489; x_wconf 88' lang='lat' dir='ltr'>llere.</span> 
     </span>
    </p>

    <p class='ocr_par' dir='ltr' id='par_1_8' title="bbox 176 2513 1161 2610">
     <span class='ocr_line' id='line_1_20' title="bbox 176 2513 1161 2610; baseline -0.004 -22"><span class='ocrx_word' id='word_1_140' title='bbox 176 2518 251 2588; x_wconf 82' lang='lat' dir='ltr'>Aut</span> <span class='ocrx_word' id='word_1_141' title='bbox 278 2519 313 2588; x_wconf 91' lang='lat' dir='ltr'>in</span> <span class='ocrx_word' id='word_1_142' title='bbox 338 2516 465 2610; x_wconf 74' lang='lat' dir='ltr'>Pylum</span> <span class='ocrx_word' id='word_1_143' title='bbox 492 2515 681 2591; x_wconf 85' lang='lat' dir='ltr'>adveniens</span> <span class='ocrx_word' id='word_1_144' title='bbox 758 2523 816 2585; x_wconf 89' lang='lat' dir='ltr'>aut</span> <span class='ocrx_word' id='word_1_145' title='bbox 841 2513 895 2586; x_wconf 84' lang='lat' dir='ltr'>ibI</span> <span class='ocrx_word' id='word_1_146' title='bbox 922 2524 1161 2586; x_wconf 81' lang='lat' dir='ltr'>ommentans.</span> 
     </span>
    </p>

    <p class='ocr_par' dir='ltr' id='par_1_9' title="bbox 176 2609 1094 2708">
     <span class='ocr_line' id='line_1_21' title="bbox 176 2609 1094 2708; baseline -0.002 -24"><span class='ocrx_word' id='word_1_147' title='bbox 176 2613 313 2708; x_wconf 87' lang='lat' dir='ltr'>Topper</span> <span class='ocrx_word' id='word_1_148' title='bbox 339 2611 426 2683; x_wconf 79' lang='lat' dir='ltr'>iacnt</span> <span class='ocrx_word' id='word_1_149' title='bbox 450 2610 617 2682; x_wconf 87' lang='lat' dir='ltr'>homones</span> <span class='ocrx_word' id='word_1_150' title='bbox 757 2617 795 2680; x_wconf 88' lang='lat' dir='ltr'>ut</span> <span class='ocrx_word' id='word_1_151' title='bbox 821 2614 917 2704; x_wconf 90' lang='lat' dir='ltr'>prius</span> <span class='ocrx_word' id='word_1_152' title='bbox 942 2609 1094 2682; x_wconf 87' lang='lat' dir='ltr'>luerunt.</span> 
     </span>
    </p>

    <p class='ocr_par' dir='ltr' id='par_1_10' title="bbox 173 2705 1099 2801">
     <span class='ocr_line' id='line_1_22' title="bbox 173 2705 1099 2801; baseline -0.004 -20"><span class='ocrx_word' id='word_1_153' title='bbox 173 2708 285 2782; x_wconf 88' lang='lat' dir='ltr'>Noctu</span> <span class='ocrx_word' id='word_1_154' title='bbox 311 2707 436 2782; x_wconf 87' lang='lat' dir='ltr'>Troiad</span> <span class='ocrx_word' id='word_1_155' title='bbox 463 2706 605 2779; x_wconf 89' lang='lat' dir='ltr'>exibant</span> <span class='ocrx_word' id='word_1_156' title='bbox 760 2705 931 2801; x_wconf 83' lang='lat' dir='ltr'>capitibus</span> <span class='ocrx_word' id='word_1_157' title='bbox 957 2707 1099 2801; x_wconf 88' lang='lat' dir='ltr'>opertis.</span> 
     </span>
    </p>

    <p class='ocr_par' dir='ltr' id='par_1_11' title="bbox 176 2803 1132 2899">
     <span class='ocr_line' id='line_1_23' title="bbox 176 2803 1132 2899; baseline -0.004 -22"><span class='ocrx_word' id='word_1_158' title='bbox 176 2805 285 2892; x_wconf 84' lang='lat' dir='ltr'>Quam</span> <span class='ocrx_word' id='word_1_159' title='bbox 311 2828 392 2875; x_wconf 91' lang='lat' dir='ltr'>cum</span> <span class='ocrx_word' id='word_1_160' title='bbox 418 2813 536 2899; x_wconf 90' lang='lat' dir='ltr'>stupro</span> <span class='ocrx_word' id='word_1_161' title='bbox 562 2803 679 2874; x_wconf 89' lang='lat' dir='ltr'>redire</span> <span class='ocrx_word' id='word_1_162' title='bbox 762 2803 804 2873; x_wconf 95' lang='lat' dir='ltr'>ad</span> <span class='ocrx_word' id='word_1_163' title='bbox 831 2824 913 2876; x_wconf 86' lang='lat' dir='ltr'>suos</span> <span class='ocrx_word' id='word_1_164' title='bbox 940 2803 1132 2898; x_wconf 91' lang='lat' dir='ltr'>popularis.</span> 
     </span>
    </p>
   </div>
   <div class='ocr_carea' id='block_1_4' title="bbox 177 2897 1222 3092">
    <p class='ocr_par' dir='ltr' id='par_1_12' title="bbox 177 2897 1222 3092">
     <span class='ocr_line' id='line_1_24' title="bbox 177 2897 1222 3067; baseline -0.002 -93"><span class='ocrx_word' id='word_1_165' title='bbox 177 2902 323 2974; x_wconf 79' lang='lat' dir='ltr'>Cocinto</span> <span class='ocrx_word' id='word_1_166' title='bbox 348 2901 462 2972; x_wconf 87' lang='lat' dir='ltr'>deleto</span> <span class='ocrx_word' id='word_1_167' title='bbox 758 2897 904 2970; x_wconf 87' lang='lat' dir='ltr'>Romam</span> <span class='ocrx_word' id='word_1_168' title='bbox 942 2900 1068 2970; x_wconf 94' lang='lat' dir='ltr'>redieit</span> <span class='ocrx_word' id='word_1_169' title='bbox 1093 2903 1222 3067; x_wconf 57' lang='lat' dir='ltr'>prium-</span> 
     </span>
     <span class='ocr_line' id='line_1_25' title="bbox 984 3019 1195 3092; baseline 0 -24"><span class='ocrx_word' id='word_1_170' title='bbox 984 3046 989 3056; x_wconf 81' lang='lat'><strong>·</strong></span> <span class='ocrx_word' id='word_1_171' title='bbox 1071 3019 1092 3092; x_wconf 96' lang='lat' dir='ltr'>p</span> <span class='ocrx_word' id='word_1_172' title='bbox 1118 3019 1195 3069; x_wconf 91' lang='lat' dir='ltr'>ans.</span> 
     </span>
    </p>
   </div>
   <div class='ocr_carea' id='block_1_5' title="bbox 1 3126 1245 3223">
    <p class='ocr_par' dir='ltr' id='par_1_13' title="bbox 1 3126 1245 3223">
     <span class='ocr_line' id='line_1_26' title="bbox 1 3126 1245 3223; baseline -0.002 -20"><span class='ocrx_word' id='word_1_173' title='bbox 1 3126 4 3133; x_wconf 80' lang='grc'><strong>’</strong></span> <span class='ocrx_word' id='word_1_174' title='bbox 127 3131 233 3223; x_wconf 86' lang='lat' dir='ltr'>Atqui</span> <span class='ocrx_word' id='word_1_175' title='bbox 260 3150 365 3223; x_wconf 86' lang='lat' dir='ltr'>saepe</span> <span class='ocrx_word' id='word_1_176' title='bbox 390 3149 536 3198; x_wconf 91' lang='lat' dir='ltr'>numero</span> <span class='ocrx_word' id='word_1_177' title='bbox 561 3136 698 3222; x_wconf 88' lang='lat' dir='ltr'>poetae,</span> <span class='ocrx_word' id='word_1_178' title='bbox 727 3130 757 3198; x_wconf 91' lang='lat' dir='ltr'>si</span> <span class='ocrx_word' id='word_1_179' title='bbox 791 3126 934 3213; x_wconf 88' lang='lat' dir='ltr'>vellent,</span> <span class='ocrx_word' id='word_1_180' title='bbox 962 3129 1129 3198; x_wconf 82' lang='lat' dir='ltr'>maiorem</span> <span class='ocrx_word' id='word_1_181' title='bbox 1154 3149 1245 3203; x_wconf 82' lang='lat' dir='ltr'>oon-</span> 
     </span>
    </p>
   </div>
   <div class='ocr_carea' id='block_1_6' title="bbox 122 3239 1248 3907">
    <p class='ocr_par' dir='ltr' id='par_1_14' title="bbox 122 3239 1248 3568">
     <span class='ocr_line' id='line_1_27' title="bbox 122 3239 1248 3339; baseline -0.003 -20"><span class='ocrx_word' id='word_1_182' title='bbox 122 3253 268 3319; x_wconf 89' lang='lat' dir='ltr'>centnm</span> <span class='ocrx_word' id='word_1_183' title='bbox 294 3246 438 3337; x_wconf 88' lang='lat' dir='ltr'>adsequi</span> <span class='ocrx_word' id='word_1_184' title='bbox 464 3252 634 3339; x_wconf 88' lang='lat' dir='ltr'>poterant,</span> <span class='ocrx_word' id='word_1_185' title='bbox 671 3242 772 3315; x_wconf 92' lang='lat' dir='ltr'>modo</span> <span class='ocrx_word' id='word_1_186' title='bbox 805 3239 915 3312; x_wconf 89' lang='lat' dir='ltr'>verba</span> <span class='ocrx_word' id='word_1_187' title='bbox 948 3245 1248 3337; x_wconf 80' lang='lat' dir='ltr'>transposuissent</span> 
     </span>
     <span class='ocr_line' id='line_1_28' title="bbox 127 3353 1246 3441; baseline -0.003 -10"><span class='ocrx_word' id='word_1_188' title='bbox 127 3360 252 3432; x_wconf 88' lang='lat' dir='ltr'>eadem</span> <span class='ocrx_word' id='word_1_189' title='bbox 278 3357 513 3429; x_wconf 79' lang='lat' dir='ltr'>feneratione</span> <span class='ocrx_word' id='word_1_190' title='bbox 540 3380 580 3428; x_wconf 92' lang='lat' dir='ltr'>ac</span> <span class='ocrx_word' id='word_1_191' title='bbox 605 3378 670 3429; x_wconf 90' lang='lat' dir='ltr'>nos</span> <span class='ocrx_word' id='word_1_192' title='bbox 701 3353 864 3441; x_wconf 85' lang='lat' dir='ltr'>fecimus,</span> <span class='ocrx_word' id='word_1_193' title='bbox 893 3353 951 3425; x_wconf 91' lang='lat' dir='ltr'>ubi</span> <span class='ocrx_word' id='word_1_194' title='bbox 970 3354 1246 3428; x_wconf 84' lang='lat' dir='ltr'>dediaeresibus</span> 
     </span>
     <span class='ocr_line' id='line_1_29' title="bbox 126 3474 390 3568; baseline -0.019 -22"><span class='ocrx_word' id='word_1_195' title='bbox 126 3474 390 3568; x_wconf 87' lang='lat' dir='ltr'>disputavimus.</span> 
     </span>
    </p>

    <p class='ocr_par' dir='ltr' id='par_1_15' title="bbox 122 3581 1243 3907">
     <span class='ocr_line' id='line_1_30' title="bbox 175 3581 1243 3679; baseline -0.001 -22"><span class='ocrx_word' id='word_1_196' title='bbox 175 3586 241 3658; x_wconf 83' lang='lat' dir='ltr'>Sed</span> <span class='ocrx_word' id='word_1_197' title='bbox 284 3584 363 3679; x_wconf 92' lang='lat' dir='ltr'>quid</span> <span class='ocrx_word' id='word_1_198' title='bbox 402 3583 525 3656; x_wconf 85' lang='lat' dir='ltr'>multa?</span> <span class='ocrx_word' id='word_1_199' title='bbox 562 3582 618 3654; x_wconf 88' lang='lat' dir='ltr'>Ex</span> <span class='ocrx_word' id='word_1_200' title='bbox 656 3581 814 3655; x_wconf 85' lang='lat' dir='ltr'>omnibus</span> <span class='ocrx_word' id='word_1_201' title='bbox 851 3581 1015 3655; x_wconf 87' lang='lat' dir='ltr'>versibus</span> <span class='ocrx_word' id='word_1_202' title='bbox 1058 3581 1243 3671; x_wconf 64' lang='lat' dir='ltr'>Saturniis</span> 
     </span>
     <span class='ocr_line' id='line_1_31' title="bbox 125 3693 1243 3793; baseline 0 -23"><span class='ocrx_word' id='word_1_203' title='bbox 125 3721 210 3793; x_wconf 83' lang='lat' dir='ltr'>quos</span> <span class='ocrx_word' id='word_1_204' title='bbox 236 3702 375 3770; x_wconf 89' lang='lat' dir='ltr'>circiter</span> <span class='ocrx_word' id='word_1_205' title='bbox 393 3696 492 3770; x_wconf 83' lang='lat' dir='ltr'>CXX</span> <span class='ocrx_word' id='word_1_206' title='bbox 510 3695 696 3782; x_wconf 86' lang='lat' dir='ltr'>habemus,</span> <span class='ocrx_word' id='word_1_207' title='bbox 716 3695 751 3767; x_wconf 91' lang='lat' dir='ltr'>hi</span> <span class='ocrx_word' id='word_1_208' title='bbox 767 3694 843 3769; x_wconf 84' lang='lat' dir='ltr'>iere</span> <span class='ocrx_word' id='word_1_209' title='bbox 860 3693 1030 3767; x_wconf 87' lang='lat' dir='ltr'>Bartsohii</span> <span class='ocrx_word' id='word_1_210' title='bbox 1048 3699 1243 3771; x_wconf 72' lang='lat' dir='ltr'>sententiae</span> 
     </span>
     <span class='ocr_line' id='line_1_32' title="bbox 122 3815 599 3907; baseline -0.006 -23"><span class='ocrx_word' id='word_1_211' title='bbox 122 3832 193 3884; x_wconf 87' lang='lat' dir='ltr'>non</span> <span class='ocrx_word' id='word_1_212' title='bbox 218 3815 360 3884; x_wconf 92' lang='lat' dir='ltr'>omnino</span> <span class='ocrx_word' id='word_1_213' title='bbox 386 3816 599 3907; x_wconf 84' lang='lat' dir='ltr'>repugnant:</span> 
     </span>
    </p>
   </div>
   <div class='ocr_carea' id='block_1_7' title="bbox 230 3938 1230 4133">
    <p class='ocr_par' dir='ltr' id='par_1_16' title="bbox 230 3938 1230 4133">
     <span class='ocr_line' id='line_1_33' title="bbox 230 3938 1230 4036; baseline -0.004 -20"><span class='ocrx_word' id='word_1_214' title='bbox 230 3945 411 4017; x_wconf 79' lang='lat' dir='ltr'>Cornelius</span> <span class='ocrx_word' id='word_1_215' title='bbox 435 3945 568 4016; x_wconf 84' lang='lat' dir='ltr'>LucIus</span> <span class='ocrx_word' id='word_1_216' title='bbox 784 3944 896 4036; x_wconf 85' lang='lat' dir='ltr'>Scipio</span> <span class='ocrx_word' id='word_1_217' title='bbox 922 3938 1106 4013; x_wconf 88' lang='lat' dir='ltr'>Barbatus.</span> <span class='ocrx_word' id='word_1_218' title='bbox 1221 3964 1230 3987; x_wconf 90' lang='lat'>··</span> 
     </span>
     <span class='ocr_line' id='line_1_34' title="bbox 231 4037 1169 4133; baseline 0 -23"><span class='ocrx_word' id='word_1_219' title='bbox 231 4039 398 4112; x_wconf 82' lang='lat' dir='ltr'>Taurasia</span> <span class='ocrx_word' id='word_1_220' title='bbox 424 4039 640 4112; x_wconf 66' lang='lat' dir='ltr'>Cisauna*</span> <span class='ocrx_word' id='word_1_221' title='bbox 783 4037 924 4109; x_wconf 89' lang='lat' dir='ltr'>Samnio</span> <span class='ocrx_word' id='word_1_222' title='bbox 949 4041 1056 4133; x_wconf 84' lang='lat' dir='ltr'>cepit.</span> <span class='ocrx_word' id='word_1_223' title='bbox 1164 4065 1169 4071; x_wconf 96' lang='lat'>·</span> 
     </span>
    </p>
   </div>
   <div class='ocr_carea' id='block_1_8' title="bbox 0 0 1378 4530">
    <p class='ocr_par' dir='ltr' id='par_1_17' title="bbox 0 0 1378 4530">
     <span class='ocr_line' id='line_1_35' title="bbox 0 0 1378 4530; baseline 0 0"><span class='ocrx_word' id='word_1_224' title='bbox 0 0 1378 4530; x_wconf 95' lang='lat' dir='ltr'> </span> 
     </span>
    </p>
   </div>
  </div>
 </body>
</html>
