2746 4530
651 268 697 340 94

117 479 256 557 ‚duobus
283 479 453 551 Saturuiis
472 481 621 572 integris
646 488 786 573 praeter
811 485 905 575 prius
930 483 1080 554 Saturnii
1106 484 1229 556 ‘hemi-

124 596 294 682 stichium,
335 594 424 687 quud
462 614 586 665 versus
623 594 835 666 intercalaris
873 618 1015 668 munere
1052 595 1229 691 iungatur,

45 706 48 711 ’
127 713 191 782 duo
217 701 405 806 posteriora
439 708 592 783 eiusdem
632 711 733 779 metri
766 707 976 781 hemistichia
1017 712 1129 783 addita
1164 717 1234 785 sint

126 825 214 897 hunc
239 826 273 893 iu
300 823 448 894 mudum:
592 826 594 831 ’

384 971 492 1057 Euus,
520 969 639 1050 Lases,
667 974 796 1044 iuvate.
920 1012 924 1021 ·

173 1123 272 1197 Nave
297 1124 433 1206 luerve,
459 1120 567 1206 lllurs,
588 1125 659 1193 sius
727 1126 911 1194 incurrere
937 1125 972 1193 in
998 1124 1146 1218 pleuros.

177 1222 276 1292 Satur
302 1219 350 1306 lu,
379 1217 451 1290 iere
476 1217 583 1305 Mars,
732 1219 837 1290 limen
863 1220 938 1305 suli,
967 1228 1019 1292 sta
1045 1220 1185 1306 herber.

385 1371 539 1440 Semuuis
565 1371 707 1441 alteruei

393 1467 585 1561 Advocapit
610 1476 758 1539 cunctos.

338 1563 446 1646 Enos,
473 1561 636 1649 Marmar,
665 1565 793 1638 iuvatu.

129 1718 168 1789 ln
195 1716 345 1788 secundo
369 1737 475 1786 versu
502 1714 602 1785 Mars
627 1737 689 1810 pro
716 1716 877 1786 Murmur
904 1721 979 1789 sive
998 1718 1136 1788 Marma
1152 1740 1237 1791 meo

130 1831 284 1927 periculo
310 1831 444 1924 scripsi,
473 1850 517 1898 ne
550 1850 672 1900 versus
709 1827 879 1902 titubaret.
924 1830 1084 1903 Ceterum
1123 1833 1159 1903 in
1198 1854 1237 1903 re

121 1956 203 2019 'tam
229 1947 375 2019 obscura
399 1944 486 2015 nihil
512 1943 689 2015 affirmare
716 1950 837 2016 ausim.

178 2063 336 2134 Mummii
361 2069 473 2131 autem
499 2059 610 2130 tabula
637 2060 850 2155 triumphalis
876 2065 957 2156 quin
984 2061 1066 2139 κατὰ
1089 2061 1238 2159 στροφὰς

131 2181 323 2272 composita
349 2179 405 2259 sit,
432 2196 534 2246 nemu
560 2178 627 2245 iam
654 2174 791 2257 dubitat,
818 2176 881 2247 sed
919 2179 1087 2271 quomodo
1124 2177 1237 2271 digeri

131 2296 252 2390 possit,
280 2294 368 2362 inter
393 2289 547 2360 homines
573 2289 691 2362 doctus
717 2310 785 2360 auu
811 2294 986 2362 conuenit.
1015 2290 1131 2384 Atque
1155 2289 1238 2362 Rit-

133 2406 280 2480 schelius
307 2412 465 2498 quattuor
491 2425 615 2475 versus
641 2407 797 2498 integros
822 2408 1021 2501 repperisse
1046 2408 1143 2477 visus
1169 2414 1237 2492 est,

134 2544 277 2616 quorum
302 2519 369 2590 duo
395 2520 544 2589 extremi
569 2539 696 2588 vereor
721 2527 757 2588 ut
784 2517 930 2590 Saturnii
958 2523 1038 2607 sint,
1072 2529 1107 2591 et
1138 2520 1240 2591 clau-

135 2636 241 2708 sulam
269 2633 492 2716 trochaicam,
521 2654 608 2725 quae
638 2640 702 2702 est:

443 2783 636 2879 lmperatur
661 2784 805 2856 dedicat.

137 2937 245 3025 Quam
283 2958 358 3006 curn
399 2933 632 3006 Buechelerus
670 2936 920 3029 impugnasset,
961 2931 1048 3026 quutl
1080 2928 1243 3003 versibus

136 3050 290 3123 iambicis
317 3049 426 3121 addita
451 3055 557 3133 esset,
585 3048 791 3143 Spengelius
816 3071 848 3143 p.
879 3048 923 3120 93
951 3054 1021 3119 tres
1038 3067 1164 3119 versus
1181 3048 1242 3117 iu·

134 3161 253 3261 tegrus
279 3167 462 3251 constituit,
491 3185 575 3258 quos
596 3161 679 3235 haec
706 3163 859 3236 clausula
881 3161 1030 3235 iambica
1049 3165 1238 3256 exciperet·

348 3313 446 3386 Hauc
471 3314 595 3385 aedem
620 3321 655 3386 et
680 3315 821 3406 siguum
846 3311 1006 3383 Herculis

348 3412 497 3485 Victoris
524 3415 710 3507 imperatur
736 3410 878 3482 dedicat.

140 3565 427 3652 Verumtamen,
454 3570 592 3633 curuct
625 3563 760 3651 integer
791 3580 929 3640 versus,
963 3561 1020 3651 qui
1051 3555 1244 3628 clausulam

140 3682 329 3768 antecedat,
354 3681 473 3775 plures
498 3675 542 3748 ob
571 3677 695 3746 causus
735 3674 828 3743 male
854 3695 893 3744 se
919 3669 1042 3742 habeat
1079 3678 1115 3741 et
1148 3669 1246 3741 rucis

140 3796 306 3869 Herculis
330 3791 539 3890 paenultima
564 3794 681 3862 nescio
714 3787 886 3881 quomodo
912 3783 1129 3882 producenda
1154 3787 1248 3855 silet

141 3921 353 4010 pentameter
369 3909 531 3981 iambicus
549 3927 634 3979 saue
652 3909 760 3976 mirus
786 3924 865 3975 esse
883 3901 1052 3981 videatur,
1072 3918 1141 3988 ego
1154 3916 1246 3969 ves·

143 4031 268 4103 siculos
295 4029 343 4101 sic
368 4024 613 4120 dispesceudos
642 4043 722 4094 csse
746 4040 887 4091 censeo:
