2746 4530
620 309 664 381 59

86 542 171 591 nare
197 527 380 604 memento,
409 527 510 614 atque
535 521 570 590 in
597 525 735 613 antiquo
762 519 1023 613 Francogallico
1042 530 1189 616 coperit,

88 642 124 705 ut
146 639 208 705 vix
234 634 338 726 digua
365 639 420 719 sit,
459 659 548 728 quae
579 637 711 707 vocalis
750 636 892 707 dicatur.
928 640 1056 711 Contra
1091 644 1127 713 in
1152 664 1194 714 eo

88 773 209 835 versu,
239 753 296 842 qui
322 750 399 822 huic
426 755 543 833 anteit,
572 752 680 823 donec
706 749 912 844 Spengelius
938 755 1106 827 Hercolec'
1124 779 1195 828 me·

85 865 142 935 dia
167 864 332 960 producta
357 864 538 959 aliquando
573 865 697 937 dictum
723 888 803 937 esse
843 868 1053 957 melioribus,
1094 894 1194 965 quam

86 978 209 1073 quihus
235 1001 319 1050 usus
346 987 399 1050 est
422 1003 457 1074 p.
488 979 546 1063 92,
575 983 782 1072 argumentis
808 980 1028 1067 demonstret,
1057 992 1115 1055 aut
1135 987 1196 1056 ali·

85 1095 163 1186 quis
189 1094 437 1165 nominativum
463 1091 672 1181 Hercolees,
695 1100 732 1162 ut
757 1091 890 1164 Graece
924 1092 1114 1194 Ἡρακλέης
1131 1123 1195 1171 re-

85 1211 210 1302 periat,
239 1206 463 1278 Ritschelium
490 1210 588 1301 sequi
617 1216 766 1300 praestat
790 1211 849 1294 ita,
877 1218 926 1295 ut,
964 1213 1052 1305 quod
1079 1215 1193 1307 scrip-

83 1328 152 1391 tum
184 1324 238 1408 sit,
264 1342 349 1392 voce
375 1343 444 1392 non
471 1324 694 1416 exprimatur.
721 1319 918 1414 Legendum
946 1334 999 1396 est
1031 1329 1132 1419 igitur
1157 1332 1192 1398 in

84 1439 273 1529 praesenti:

156 1598 257 1670 Donu
282 1599 621 1674 danunthercolei
720 1614 1092 1690 maxsumevmereto,

82 1767 144 1839 uhi
168 1765 326 1838 herculis
352 1787 479 1838 nomen·
503 1766 623 1838 eodem
649 1767 724 1838 iere
751 1769 850 1839 modo
877 1770 1112 1865 appellandum
1141 1784 1194 1845 est

85 1891 192 1977 atque
221 1885 415 1953 interiectio
441 1881 573 1952 hercle.
603 1879 699 1968 Quod
739 1885 768 1953 si
794 1885 839 1953 ita
866 1892 931 1969 est,
959 1886 993 1955 in
1019 1884 1083 1956 hoc
1109 1908 1194 1957 ver-

87 2019 129 2069 su
156 1997 231 2068 solo
257 1995 345 2066 duae
371 1996 487 2066 theses
513 1999 772 2084 interciderunt,
800 1997 861 2066 sed
887 2019 962 2066 cum
990 2006 1024 2069 et
1050 1999 1143 2070 locus
1161 2009 1194 2071 et

86 2108 210 2181 modus
234 2109 407 2202 legitimus
433 2108 637 2181 observatus
664 2112 719 2194 sit,
748 2109 830 2181 nihil
856 2117 921 2196 est,
943 2113 1031 2205 quod
1057 2113 1194 2185 duhite-

90 2246 180 2310 mus,
209 2245 291 2294 num
315 2221 405 2295 hene
431 2246 469 2294 se
496 2223 631 2294 haheat.
660 2222 734 2293 lluc
752 2225 895 2310 accedit,
924 2227 1026 2318 quod,
1056 2229 1193 2320 quodi-

86 2359 241 2422 aereses,
273 2361 357 2431 quas
395 2347 474 2432 post
510 2337 693 2409 secundam
732 2341 833 2408 arsim
874 2339 1075 2433 plemmque
1115 2340 1192 2412 lieri

83 2452 252 2537 diximus,
281 2453 479 2546 diligentius
506 2460 539 2522 et
563 2457 773 2524 constantius
788 2453 1034 2539 observantur,
1064 2479 1106 2526 eo
1133 2456 1190 2528 la-

84 2567 182 2638 cilius
211 2591 299 2662 qoae
341 2591 401 2639 eos
435 2576 597 2639 secuntur
633 2569 749 2639 theses
788 2570 1001 2655 intercidunt,
1044 2593 1088 2640 ex
1125 2594 1192 2664 quo

83 2683 268 2775 colligitur,
298 2687 400 2755 etiam
426 2692 542 2754 contra
568 2681 648 2753 lieri
674 2683 800 2753 solere.
831 2680 920 2754 Sane
959 2686 993 2754 in
1019 2685 1191 2777 longiori-

85 2798 149 2871 bus
184 2802 423 2886 monumentis,
449 2798 562 2891 qualia
589 2806 666 2869 sunt
690 2793 777 2867 Livii
804 2804 839 2869 et
861 2795 985 2868 Naevii
1021 2810 1189 2894 poemata,

87 2938 202 3010 neque
228 2913 314 2987 hanc
353 2935 465 3006 neque
502 2912 595 2993 illam
633 2914 800 2982 rationem
839 2909 1042 2983 obstinatius
1082 2917 1191 2984 teneri

85 3050 189 3122 posse
216 3026 437 3118 intellegitur,
466 3027 526 3096 sed
565 3029 598 3095 in
625 3024 854 3111 brevioribus,
883 3027 1004 3119 quales
1031 3037 1109 3098 sunt
1134 3032 1191 3100 in·

86 3145 305 3236 scriptiones,
333 3149 391 3211 aut
415 3140 478 3211 hoc
504 3147 559 3210 aut
598 3141 680 3213 illud
706 3143 789 3212 satis
815 3149 1009 3211 constanter
1035 3143 1192 3212 custodi-

85 3265 150 3327 tur.
183 3255 302 3348 ltaque
328 3259 362 3326 in
389 3256 529 3328 Caecilii
556 3256 670 3346 elogio
697 3264 731 3325 et
757 3259 791 3325 in
816 3253 968 3325 Mummii
1002 3254 1128 3339 tabula,
1157 3258 1192 3325 in

85 3370 210 3464 quihus
237 3371 414 3442 diaereses
445 3391 514 3440 non
551 3390 796 3462 usquequaque
835 3371 1068 3450 inveniuntur,
1109 3370 1192 3439 nul-

84 3483 151 3554 lam
177 3484 299 3555 thesim
325 3486 484 3555 omissam
511 3505 591 3554 esse
628 3482 940 3553 animadvertimus.
975 3483 1022 3552 At
1047 3486 1082 3553 in
1109 3488 1191 3577 epi-

83 3607 274 3691 grammate
301 3597 445 3682 Sorano,
486 3599 575 3692 quod
612 3621 656 3668 ne
685 3595 885 3691 Scipionum
910 3597 1048 3690 quidem
1075 3596 1189 3688 elogia

85 3712 302 3784 diaeresibus
329 3721 502 3806 superant,
542 3715 644 3783 etiarn
670 3716 697 3782 si
727 3714 759 3781 in
789 3710 939 3804 pluribus
965 3709 1190 3782 hemistichiis

85 3827 244 3919 singulae
270 3826 385 3898 theses
410 3826 586 3908 deessent,
620 3834 734 3898 tamen
759 3825 844 3897 nihil
882 3833 990 3909 esset,
1018 3826 1107 3919 quod
1133 3832 1191 3898 ni-

86 3946 149 4012 mis
176 3945 391 4012 miraremur.

143 4057 262 4128 Nullus
291 4059 394 4149 igitur
416 4057 610 4129 versiculus
649 4059 683 4126 iu
715 4075 798 4126 cere
824 4056 940 4126 autin
965 4054 1078 4150 lapide
1103 4059 1195 4126 inci-
