2746 4530
686 297 755 368 100

161 516 314 605 primam
339 517 472 580 autem»
503 509 609 600 inquit
646 506 771 598 «longe
808 509 965 601 primum
1004 507 1042 578 L.
1084 508 1207 580 Livius
1246 514 1280 581 in

166 626 304 699 Odissia
329 625 411 695 dicit
434 626 470 692 in
495 621 559 693 hoc
584 643 690 692 versu

217 789 419 883 Ibidemque
444 793 500 859 vir
526 767 688 858 summus
821 788 999 882 adprimus
1015 788 1218 860 Patroclus.

166 960 266 1032 ldcm
293 958 415 1028 Livius
441 959 476 1026 in
503 953 639 1029 Odissia
664 955 896 1048 praemodam
922 957 1040 1043 dieii»,
1060 962 1158 1028 cuius
1187 960 1284 1030 vocis

168 1069 379 1165 significatio
409 1072 524 1140 statim
551 1070 753 1163 explicatur.
796 1068 872 1154 Quo
903 1069 992 1142 iacto
1030 1071 1073 1142 ad
1099 1081 1285 1144 accentum

167 1186 309 1260 rediens
336 1184 450 1256 adicit:
484 1186 537 1255 ain
567 1207 634 1279 quo
672 1187 804 1256 scilicet
839 1190 955 1280 prima
995 1188 1074 1256 acui
1102 1186 1282 1273 debebit»,

166 1299 317 1394 idquod
344 1307 440 1370 certe
465 1321 536 1370 non
575 1322 595 1368 e
632 1297 720 1369 Livii
747 1321 867 1384 versu,
896 1322 998 1393 quem
1036 1321 1082 1370 ne
1121 1299 1287 1372 adscribit

167 1414 327 1510 quidem,
356 1413 418 1485 sed
444 1436 464 1483 e
490 1413 724 1507 paenultimae
751 1421 886 1501 natura,
913 1414 956 1485 de
983 1436 1051 1506 qua
1076 1414 1193 1506 paullo
1219 1436 1286 1484 su-

168 1552 233 1626 pra
259 1529 432 1613 disseruit,
461 1526 624 1599 didicisse
662 1529 917 1600 existimandus
942 1536 1008 1598 cst.
1035 1525 1158 1622 Neque
1186 1531 1286 1599 enim

167 1643 251 1716 illud
277 1650 411 1728 aetem,
440 1641 530 1735 quod
556 1649 634 1734 post
659 1641 809 1736 adprimi
835 1641 1047 1712 vocabulum
1074 1641 1205 1727 est,'ad
1231 1663 1286 1729 ea,

167 1781 258 1856 quae
284 1756 327 1828 de
353 1763 502 1828 accentu
530 1757 642 1850 deque
680 1757 911 1851 paenultimae
947 1764 1071 1827 natura
1108 1757 1286 1852 disputata

147 1859 263 1960 sunt,
292 1874 454 1968 pertinet,
483 1872 545 1943 sed
571 1870 666 1941 idem
691 1870 745 1941 hic
772 1868 955 1963 significat,
984 1869 1074 1963 quod
1100 1870 1183 1941 alibi
1216 1894 1284 1942 ce-

168 1993 294 2059 teram.
323 1984 441 2078 ltaque
466 2006 579 2078 neque
606 1985 770 2079 exempla
806 2005 920 2078 neque
947 1987 1166 2079 antiquorum
1199 2009 1286 2059 me-

168 2105 281 2174 moria
308 2108 484 2173 accentum
512 2104 548 2172 in
574 2122 678 2171 versu
696 2101 871 2186 Saturnio,
887 2123 932 2171 ne
951 2101 1017 2171 aiia
1045 2111 1156 2173 metra
1182 2126 1284 2175 com-

170 2237 384 2300 memorem,
412 2214 516 2287 ullius
541 2216 705 2286 momenti
729 2235 810 2286 esse
828 2214 1063 2310 comprobant.
1083 2215 1286 2290 Bartschius

173 2337 307 2416 autem,
336 2352 418 2401 eum
444 2333 478 2400 in
505 2328 727 2401 dialectorum
755 2327 1041 2401 Germanicarum
1078 2340 1200 2402 namra
1227 2336 1287 2405 iu-

168 2443 376 2536 vestiganda
415 2451 524 2513 totum
562 2465 601 2515 sc
640 2443 902 2530 collocavisset,
943 2445 1074 2516 Bentlei
1111 2448 1286 2520 rationem

168 2560 298 2653 quippe
320 2557 386 2628 sibi
410 2559 611 2652 propiorem
636 2556 792 2652 cupidius
829 2560 1030 2654 amplexus,
1063 2581 1102 2631 re
1132 2561 1286 2633 noudum

170 2673 261 2744 bene
286 2679 468 2765 perspecta
495 2670 537 2741 ad
575 2692 701 2742 versus
740 2669 896 2744 Saturnii-
929 2681 963 2744 et
1001 2671 1288 2748 Germanicorum

167 2786 409 2858 voculationes
448 2785 697 2881 comparandas
723 2791 883 2857 continuo
917 2791 1084 2882 perrexit.
1114 2786 1286 2874 Eandem,

168 2902 304 2995 opinor,
334 2897 378 2970 ob
417 2918 557 2969 causam
583 2897 819 2971 alliterationis
846 2921 934 2992 quae
961 2900 1083 2971 dicitur
1117 2903 1287 2997 exempta

167 3017 275 3088 nimis
343 3013 405 3085 ide
431 3017 593 3107 captavit,
622 3014 711 3106 quod
738 3007 922 3086 artificium
940 3014 983 3085 ab
1001 3013 1066 3085 hoc
1091 3035 1197 3086 versu
1215 3036 1286 3088 uon

223 3149 235 3222 p
291 3183 295 3208 ,
330 3148 432 3222 quam
458 3125 501 3198 ab
528 3125 603 3197 aliis
630 3127 786 3201 alienum
811 3150 892 3201 esse
918 3127 1041 3213 fateor,
1070 3150 1199 3199 verum
1213 3136 1286 3201 tam

223 3266 236 3317 e
315 3253 382 3315 tere
409 3243 519 3313 etiam
544 3249 646 3338 atque
672 3245 781 3314 etiam
798 3263 901 3336 nego.
922 3241 1027 3328 Nam,
1047 3244 1119 3314 nisi
1144 3239 1285 3314 fortuita

255 3359 259 3428 i
343 3359 378 3428 iu
404 3376 546 3431 censum
575 3360 698 3429 venire
723 3355 923 3443 iubeamus,
951 3376 1061 3428 voces
1093 3376 1202 3428 sensu
1227 3358 1288 3426 in-

287 3469 541 3543 cohaerentes
569 3469 611 3541 ab
638 3468 760 3541 eadem
794 3470 894 3542 litera
920 3468 1066 3542 subinde
1091 3469 1284 3542 ordiuntur.

170 3583 186 3656 1
405 3605 482 3654 cum
509 3584 692 3654 adiectivot
721 3582 889 3655 tetbereia
913 3582 1085 3670 iubentes,
1113 3585 1227 3655 omum
1240 3620 1288 3638 «-

211 3723 239 3771 rr
463 3721 488 3770 ’e
521 3719 527 3768 r
583 3719 696 3791 prium,
737 3697 887 3769 insulam
907 3702 1109 3790 -iateprem,
1150 3696 1290 3768 domurn

211 3836 275 3888 cor
351 3853 363 3869 -
419 3837 423 3884 ι
555 3820 683 3884 etcum
702 3812 1285 3906 appositionezProaerpinuprrer.

168 3926 292 4000 Verbu
358 3956 363 3995 r
419 3951 499 3999 nn
555 3931 663 4001 mine:
689 3933 797 4020 petre
832 3929 1042 4017 properatur,
1079 3929 1195 3997 dictur
1231 3934 1289 4000 ert

307 4045 338 4130 t,
648 4096 656 4126 ,
697 4041 854 4112 maditus
890 4039 1083 4124 tteeaero,
1122 4046 1288 4133 somno
