2746 4530
660 315 791 384 εεχ
1010 288 1204 420 ,Χ

129 521 192 592 duo
218 521 457 607 hemistichia,
492 524 742 617 qualiacunque
781 528 860 610 sint,
896 548 938 595 ea
972 523 1046 597 lere
1077 548 1237 612 caesura,

126 658 211 730 quae
241 658 261 708 e
287 636 485 707 Terentiani
511 639 707 732 exemplari
734 648 908 733 appareat,
938 641 1075 711 medius
1099 641 1240 729 dividar„

125 757 187 835 tur,
216 752 280 820 vix
305 772 391 843 opus
418 762 503 824 esse
526 750 673 822 arbitror
688 756 831 845 insuper
849 775 1010 838 monere,
1030 775 1127 841 eum„
1146 774 1240 846 quo·-

127 868 217 934 niam
245 874 462 954 asynartetus
489 871 546 954 sit,
576 868 706 938 hiatum
731 873 825 940 inter
850 878 1037 963 utrumque
1052 869 1239 948 dimidium

125 982 197 1049 sine
222 979 293 1049 ulla
325 979 518 1053 offensione
544 988 713 1076 recipere.
744 982 859 1068 Onam
899 983 940 1054 alr
978 1007 1072 1068 rem,
1114 987 1143 1054 si
1182 1005 1238 1068 ea,

126 1113 212 1186 quae
240 1116 345 1187 supra
379 1095 552 1187 leguntur,
594 1101 757 1191 antiquae
795 1098 973 1171 vocalium
1015 1099 1240 1190 longitudinis

129 1210 293 1301 exempla
315 1208 527 1294 tenebimus,
549 1215 681 1305 optime
706 1210 870 1305 procedet
896 1211 950 1280 hie
969 1233 1109 1298 versus,
1131 1213 1240 1306 quiin

130 1321 293 1415 Scipionis
321 1321 461 1393 Barbati
486 1323 600 1416 elogio
627 1332 809 1396 exiremus
836 1333 901 1395 est:

143 1472 147 1478 ⁴
195 1449 338 1545 Subigit
362 1474 468 1526 omne
493 1454 952 1552 lrouoanam—opsidesque
977 1455 1147 1528 abdouoit.

134 1583 262 1656 Deinde
288 1583 451 1657 Livianus
478 1586 545 1657 hio:

197 1711 320 1810 Tuque
346 1714 439 1789 mihi
463 1710 772 1791 narrato—omnia
798 1721 964 1791 disertim.

132 1845 214 1918 'lum
239 1832 378 1920 Naevii:
568 1843 576 1859 '⁴

198 1980 313 2069 Quam
338 2005 419 2052 oum
446 1990 565 2077 stupro
593 1983 803 2053 redire—ad
826 2004 908 2054 suos
934 1983 1133 2078 populares.

135 2108 301 2195 Quoniam
329 2122 447 2184 antem
472 2117 578 2185 etiam
612 2137 632 2184 e
665 2113 817 2198 literam,
852 2118 885 2183 in
919 2137 1025 2207 quam
1060 2117 1244 2208 imperati-

140 2246 196 2298 vus
215 2227 263 2298 lll
282 2232 533 2320 coniugationis
553 2229 706 2313 caderet,
728 2229 911 2320 antiquitus
931 2227 1136 2322 productam
1154 2224 1245 2296 fuis-

137 2362 182 2428 se,
207 2324 245 2413 ut
280 2340 415 2412 Graeca
440 2340 536 2429 δίδου,
571 2341 652 2412 τίθει
682 2341 760 2426 alia,
802 2341 1055 2412 demonstravit
1092 2338 1244 2412 Corssen

138 2459 296 2553 (Ansspr.
327 2457 438 2528 1338
471 2459 555 2551 sq),
595 2456 685 2528 hene
723 2455 841 2527 Livius
881 2454 1058 2526 Odissiam
1097 2477 1243 2526 exorsus

137 2580 184 2660 est
206 2574 269 2644 sio:
472 2654 475 2660 Ι

178 2705 298 2776 Virum
325 2699 429 2789 mrhl,
459 2695 799 2788 Camena-insece
827 2709 1023 2772 versutum.

136 2834 245 2933 ltaque
273 2838 367 2908 male
394 2836 550 2908 lecerunt
576 2860 656 2906 cum
684 2836 757 2922 alti,
785 2842 859 2903 tum
893 2831 1088 2914 Vahlenus,
1122 2829 1247 2902 (luen-

136 2950 261 3043 therus‚
289 2951 444 3038 Flavius,
473 2953 529 3042 qui
567 2948 766 3041 fragmenta
805 2945 947 3018 Liviana
986 2954 1021 3017 et
1066 2944 1247 3027 Naeviana

138 3067 319 3139 novissimi
345 3065 537 3150 ediderunt,
566 3072 602 3134 ut
627 3085 795 3134 caesurae
828 3065 1003 3133 rationem
1030 3083 1099 3133 non
1134 3059 1247 3132 halre-

137 3190 218 3252 reut.
240 3178 363 3273 Neque
383 3178 578 3261 Gorssenus
596 3177 683 3248 hano
701 3176 1011 3270 reprehensionem
1038 3175 1170 3267 elingit,
1189 3179 1247 3268 qui

139 3291 222 3367 lene
249 3317 290 3367 se
315 3293 444 3405 habere
470 3315 595 3364 versus
622 3294 857 3376 existimavit,
887 3291 997 3383 qualis
1024 3297 1080 3360 est
1104 3289 1170 3360 hio:

286 3422 422 3512 Quoius
447 3424 559 3496 forma
586 3427 729 3496 virtutei
753 3428 934 3517 parisuma
961 3415 1036 3491 furt.

137 3557 222 3631 Vide
247 3563 325 3630 eins
350 3556 460 3629 Beitn
481 3580 516 3653 p.
537 3557 605 3629 544
634 3565 669 3628 et
684 3555 821 3628 Nachtr.
844 3577 879 3650 p.
901 3555 961 3626 94.
984 3552 1114 3625 Contra
1132 3554 1249 3648 Spen-

139 3674 250 3767 gelius
277 3696 310 3767 p.
338 3673 406 3744 107
434 3678 469 3744 in
495 3672 558 3745 lroo
584 3673 777 3754 Naevium,
805 3669 895 3763 quod
921 3677 975 3740 est

236 3809 348 3877 Saero
375 3809 408 3876 in
436 3827 560 3877 mensa
585 3803 763 3875 Penatium
789 3801 910 3872 ordine
936 3805 1120 3895 ponuntur,

137 3939 170 4008 ln
195 3960 264 4032 quo
290 3937 432 4008 rrblativi
450 3937 614 4032 producta
640 3935 760 4006 ultima
787 3937 861 4002 iam
895 3931 1029 4002 nemini
1073 3932 1163 3998 mira
1189 3931 1250 3998 vi-

133 4053 204 4122 deri
241 4061 353 4148 potest
389 4060 530 4148 propter
567 4050 733 4124 Gorsseui
772 4049 925 4142 Ausspr.
960 4044 976 4116 l
1010 4042 1079 4114 332
1106 4063 1172 4134 sq„
1200 4041 1247 4125 id,
