2746 4530
694 276 741 349 84

162 494 328 564 rationem
355 491 562 585 producitur,
591 487 712 572 thesis,
739 508 829 580 quae
855 485 1088 580 subsequitur,
1116 492 1192 562 sine
1210 491 1270 562 ol-

161 605 320 679 seusione
346 605 519 675 omittitur.
550 599 657 695 Atqui
682 605 718 673 iu
740 599 871 671 Horatii
895 602 965 672 Sat.
982 601 1009 688 Ι,
1028 607 1062 688 3,
1080 604 1099 674 7
1118 608 1153 675 io
1166 605 1272 675 Bac-

161 719 230 792 cbc‘
252 722 342 803 sive,
371 717 460 813 quod
484 719 519 788 in
545 717 658 789 multis
685 714 783 788 libris
810 722 1065 810 scriptumest,
1099 718 1271 790 Baccbae

163 837 248 909 nibil
274 836 362 907 aliud
388 857 470 906 esse
494 842 606 927 potest
639 836 708 905 nisi
738 835 917 904 vocativus
948 832 1075 904 Buccbi
1106 838 1268 908 nominis.

165 952 221 1031 Ac
245 954 364 1023 nescio
392 973 435 1021 au
460 971 529 1022 nou
554 958 682 1023 temore
721 950 882 1042 scriptum
921 950 965 1019 sit
1001 948 1171 1020 Bacchae
1209 973 1273 1046 pro

163 1065 299 1138 Bacche
325 1069 422 1137 etin
448 1087 517 1136 non
545 1063 647 1136 nullis
683 1064 851 1135 Prisciani
882 1063 1058 1135 codicibus
1090 1064 1276 1155 Laertice,

163 1180 274 1272 filice,
300 1179 431 1252 scilicet
455 1187 500 1253 ut.
516 1179 646 1249 vocalis
673 1176 849 1269 longitudo
870 1175 1133 1268 significaretur.
1153 1176 1276 1274 Neque

163 1294 253 1391 apud
280 1291 431 1364 Graecos
457 1293 581 1364 desunt
605 1315 745 1378 versus,
766 1293 880 1385 qualis
899 1299 951 1361 est
967 1291 1008 1362 ll.
1028 1291 1124 1378 XIX,
1146 1294 1230 1366 400:

248 1438 360 1514 Ξάνθε
376 1467 413 1513 τε
438 1443 490 1512 καὶ
514 1439 628 1538 Bato,
653 1440 837 1538 τηλέκλυτα
860 1442 958 1512 τέκνα
983 1437 1168 1539 Ποδάργης.

162 1590 202 1664 ln
227 1591 389 1664 Indorum
416 1601 526 1663 autem
554 1595 691 1686 antiqua
716 1593 832 1681 lingua
859 1615 929 1665 non
956 1594 1050 1665 modo
1075 1599 1090 1663 i
1114 1603 1148 1665 et
1164 1618 1187 1664 u
1205 1617 1274 1666 ex·

164 1721 273 1784 trema
299 1715 333 1783 in
359 1711 508 1782 vocandi
533 1734 617 1784 casu
644 1714 680 1782 in
697 1711 929 1807 diphthongos
949 1719 1132 1797 mutantur,
1153 1734 1275 1783 verum

164 1830 268 1898 etiam
292 1850 317 1897 a
341 1825 463 1911 breve,
493 1849 512 1896 a
538 1850 605 1921 quo
632 1827 714 1897 illud
752 1851 772 1896 e
805 1827 945 1896 latinum
984 1834 1092 1896 ortum
1131 1834 1197 1911 est,
1237 1830 1273 1898 iu

164 1944 356 2013 trimetrum
381 1942 439 2011 vel
464 1943 623 2036 τρίσημον
651 1941 820 2012 interdum
846 1940 1055 2034 producitur.
1092 1940 1157 2026 Qui
1188 1963 1274 2012 usus

165 2055 332 2149 quomodo
371 2053 529 2126 delinitus
568 2057 623 2139 sit,
655 2054 733 2124 vide
759 2057 793 2124 in
831 2052 953 2149 Boppii
989 2053 1090 2139 libro,
1131 2059 1186 2149 qui
1215 2058 1274 2125 iu-

165 2173 310 2264 scriptus
337 2178 389 2240 est
419 2166 610 2240 «Kritische
637 2165 847 2239 Grammatik
869 2169 932 2238 der
965 2168 1275 2264 Sanskritspracbe

164 2287 200 2354 in
233 2284 404 2354 kiiruerer
429 2285 626 2376 Fassung»,
656 2283 746 2369 §15
772 2281 827 2374 b).
860 2281 956 2368 Quae
982 2306 1059 2354 cum
1084 2289 1130 2355 ita
1154 2287 1275 2368 sinte

165 2399 311 2486 literam,
338 2422 403 2493 qua
439 2403 617 2471 vocativus
651 2404 862 2487 terminetur,
905 2402 1072 2499 siquando
1110 2402 1275 2497 producta

167 2517 222 2600 sit,
252 2535 321 2584 nou
347 2517 428 2599 ictu,
458 2514 520 2584 sed
544 2522 581 2584 ut
606 2519 713 2587 etiam
745 2537 822 2600 nos,
864 2538 1055 2610 quanquam
1093 2517 1274 2609 longarum

168 2636 203 2699 et
226 2626 386 2699 brevium
415 2629 637 2700 differentiam
664 2652 804 2723 prorsus
831 2633 1061 2715 amiserimus,
1091 2633 1222 2724 siquem
1256 2654 1276 2702 e

169 2744 356 2836 longinquo
383 2743 616 2838 adloquamur,
645 2749 680 2816 in
712 2746 828 2817 ultima
867 2768 937 2817 non
975 2746 1074 2818 modo
1111 2748 1276 2831 vocativi,

169 2858 229 2931 sed
256 2857 440 2928 cuirrslibet
464 2861 561 2929 vocis
588 2858 724 2949 syllaba
750 2859 809 2931 vel
834 2868 933 2930 extra
963 2866 1138 2930 accentum
1165 2861 1276 2955 posita

168 2974 293 3044 diutius
320 2995 504 3056 moremur,
533 2976 581 3044 ita
609 2974 803 3068 productam
831 2998 910 3046 esse
937 2978 1109 3046 existimo.

215 3087 396 3158 Vocalium
435 3091 469 3157 in
499 3088 634 3182 ¹mediis
673 3089 816 3162 vocibus
855 3093 991 3182 antiqua
1030 3090 1276 3161 consuetudine

167 3204 409 3299 productorum
436 3201 583 3273 vidimus
609 3205 770 3299 exempla
797 3205 873 3291 duo,
899 3210 954 3274 cir
991 3212 1026 3275 et
1061 3203 1173 3276 bomo.
1215 3205 1278 3277 Est

168 3325 282 3389 autem
306 3323 485 3410 praeterea
511 3319 546 3387 in
571 3340 679 3389 versu
706 3319 864 3390 Saturnio
897 3319 1115 3412 longitudinis
1147 3342 1273 3414 genus,

168 3430 257 3525 quod
282 3452 406 3502 urucae
426 3452 514 3525 quae
532 3432 653 3503 dieitur
670 3436 790 3505 aetatis
807 3437 916 3529 poetis
931 3457 1132 3507 concessum
1148 3438 1275 3508 existi-

168 3553 292 3631 matur,
322 3547 562 3649 antiquissimis
587 3548 788 3643 plerumque
820 3572 889 3622 uon
921 3552 1014 3622 item.
1050 3553 1133 3623 Dico
1164 3561 1275 3624 mutus

168 3682 243 3730 cum
270 3659 403 3754 liquidis
430 3655 640 3748 coniunctas,
668 3685 809 3757 quarum
842 3666 911 3735 vim
951 3668 985 3736 iu
1022 3665 1074 3736 his
1115 3664 1276 3739 versibus

170 3796 337 3866 agnosco,
364 3776 467 3848 altero
492 3773 625 3864 Naevii,
652 3777 759 3849 altero
785 3777 883 3850 Livii:

217 3923 359 3996 Flentes
385 3923 521 4012 ambae,
538 3923 704 3998 abeuntes
812 3928 971 4000 lacrumis
998 3953 1077 4000 curu
1104 3927 1229 3999 multis.

219 4019 409 4116 celsosque
435 4027 524 4094 ocris
552 4036 703 4116 arvaque
811 4029 925 4120 putria
944 4035 1086 4097 etmare
1100 4046 1276 4118 magnum.
