2746 4530
169 454 267 542 Nam,
295 475 372 525 cum
399 451 515 522 multis
544 473 584 520 ac
609 453 715 522 variis
754 452 902 543 negotiis
941 450 1113 522 districtus
1151 473 1285 538 essem,

169 593 298 656 tantum
326 586 420 673 aluit,
445 590 482 653 ut
508 579 683 654 scribendi
701 580 856 654 lahorem
874 584 1122 669 continuarem,
1143 592 1179 654 ut
1197 584 1287 655 sub-

168 718 306 801 sicivis,
335 722 371 785 ut
397 717 501 794 aiunt,
529 716 643 807 operis
669 735 743 784 rem
770 723 962 786 tractarem.
987 712 1108 808 Neque
1146 722 1289 811 contigit

168 847 245 918 huic
271 845 402 931 libello,
432 847 522 940 quod
561 845 724 917 Horatius
760 848 908 917 maxime
934 850 1163 920 necessarium
1204 873 1286 923 esse

168 979 270 1067 ducit,
300 986 336 1048 ut
362 1000 493 1049 nonum
531 982 565 1048 in
603 997 728 1048 annum
769 987 1002 1071 premeretur.
1044 977 1159 1051 Immo
1197 1003 1285 1052 vero

166 1108 271 1179 editio
298 1111 343 1179 ita
369 1109 623 1203 praecipitanda
651 1117 735 1194 erat,
762 1116 810 1194 ut,
839 1108 896 1179 uhi
922 1113 1071 1204 primum
1105 1111 1283 1185 absolutus

168 1247 279 1326 esset,
309 1243 425 1312 statim
453 1239 665 1334 typographo
691 1238 892 1310 traderetur.
922 1239 1019 1325 Quae
1037 1264 1113 1311 cum
1138 1245 1183 1313 ita
1202 1247 1282 1326 sint,

166 1387 308 1451 vereor,
336 1388 396 1454 ne,
425 1367 504 1437 dum
530 1366 702 1439 subtilitati
730 1369 863 1454 studeo,
898 1367 932 1439 in
959 1369 1198 1462 loquacitatem
1230 1373 1284 1444 hic

168 1497 238 1568 illic
265 1498 457 1584 inciderim,
487 1503 589 1571 etiam
615 1502 643 1572 si
671 1501 737 1573 alia
762 1521 882 1572 rursus
900 1503 1072 1595 copiosius
1091 1503 1283 1598 explican-

169 1631 213 1701 da
238 1651 320 1701 esse
346 1632 538 1702 videantur.
564 1631 699 1703 Minora
726 1639 842 1703 autem
870 1634 929 1705 vel
952 1637 1002 1705 rei
1030 1636 1088 1705 vel
1106 1640 1281 1708 sermonis

168 1763 252 1857 vitia
288 1764 360 1831 iam
389 1784 481 1832 nunc
509 1764 747 1835 animadverto
772 1786 843 1836 non
869 1788 992 1859 pauca,
1022 1789 1111 1859 quae
1137 1789 1214 1861 ego,
1247 1777 1284 1838 ut

149 1896 214 1964 ¹ait
240 1893 395 1982 Ovidius,

283 2081 549 2170 Emendaturus,
576 2089 604 2157 si
629 2086 793 2174 licuisset,
819 2107 927 2158 eram.
1007 2132 1012 2145 ·

203 2341 370 2398 Scribebam
390 2345 526 2417 Mosquae
548 2363 644 2402 mense
664 2349 760 2402 Martio
780 2345 1024 2405 noccccxvnr.
