2746 4530
549 324 596 399 'tt

20 537 236 630 corripiatur.
265 536 383 630 Atque
410 534 499 630 apud
523 534 684 607 Plautum
708 535 773 609 hoc
796 541 1026 633 ioorreptum
1043 561 1133 611 sae-

19 670 66 743 pe
87 655 300 745 reperimus,
326 659 362 722 ut
387 651 512 721 dedica
537 671 601 744 pro
625 649 762 721 dedisse
787 654 822 722 in
855 650 986 748 Amph.
1015 652 1061 736 ll,
1088 653 1127 740 a,

21 761 105 852 188,
132 769 168 836 in
192 765 317 841 Pseud.
338 765 402 853 lV,
430 766 466 848 8,
486 765 547 851 ts,
572 768 609 837 in
635 763 723 837 cist.
747 765 777 852 l,
798 767 833 858 3,
851 767 906 841 34.
933 767 1029 855 Quae
1047 790 1129 844 cum

19 882 65 951 ita
89 882 170 965 siut,
198 884 287 953 inter
311 904 366 970 ea,
391 903 483 974 quae
508 889 589 952 sunt
610 884 707 969 faire
740 891 775 955 et
806 887 902 966 ciro„
927 883 1034 955 thesis
1060 904 1131 978 op-

17 996 105 1067 timo
130 998 205 1069 iure
230 1000 463 1093 supprimitur.
490 993 613 1088 Neque
651 996 751 1071 aliter
792 999 976 1091 legendum
1001 1004 1055 1075 est
1078 997 1125 1069 A.

21 1110 117 1182 Atilii
144 1109 290 1182 Calatini
314 1112 482 1204 elogium,
524 1110 626 1204 quod,
651 1114 681 1182 si
719 1111 899 1186 Ciceronis
925 1113 969 1185 de
993 1111 1057 1187 nn.
1084 1111 1131 1203 ll,

22 1225 67 1296 35
95 1232 130 1296 et
153 1223 197 1296 de
223 1247 300 1296 sen.
330 1228 374 1298 1't
402 1233 655 1320 comparentur,
684 1228 735 1298 sic
762 1228 897 1301 videtur
921 1236 1130 1324 conceptum

25 1338 146 1412 luisse:

128 1488 226 1562 llonc
251 1493 337 1563 oino'
357 1489 541 1586 ploirumai
648 1494 1010 1586 cosentiontvgentes

128 1585 252 1681 repon
276 1589 439 1682 primario
596 1585 871 1681 νΐιιὶεοωιιίιό.

17 1734 121 1808 Nulla
146 1738 251 1829 igitur
273 1758 381 1809 causa
405 1746 472 1823 est,
499 1738 581 1831 quin
606 1740 742 1831 integer
766 1735 931 1808 hahentur
956 1736 1010 1809 hic
1038 1735 1129 1809 Livii

23 1871 158 1921 versus:

117 1997 317 2071 llerciirius
341 2021 489 2092 cumque
513 2020 557 2071 oo
655 1996 745 2070 lilius
769 1996 930 2070 Latonas.

24 2145 90 2216 Sed
116 2168 309 2240 quanquam
334 2146 369 2217 in
394 2145 572 2233 versibus,
600 2149 657 2239 qui
681 2152 759 2243 post
782 2150 917 2217 tertiam
937 2146 1040 2217 araim
1066 2147 1129 2218 in·

22 2260 192 2348 ciduntar,
229 2260 413 2333 secundam
451 2263 651 2357 posterioris
677 2260 877 2332 hemistichii
910 2260 1031 2332 thesim
1058 2282 1128 2333 non

25 2396 164 2469 semper
187 2379 313 2470 corripi
338 2375 499 2463 vidimus,
526 2379 561 2448 in
586 2378 643 2448 his
669 2384 802 2466 tamen,
831 2398 979 2470 quornm
1005 2383 1130 2471 poste·

20 2493 93 2561 rias
118 2489 296 2562 dimidium
322 2490 364 2562 ah
390 2497 457 2564 arsi
490 2494 639 2587 incipiat,
680 2514 725 2564 ne
762 2493 919 2585 legentes
950 2490 1129 2581 haereant,

19 2601 100 2675 lieri
123 2624 193 2674 non
230 2626 348 2700 posse,
388 2608 469 2699 quin
506 2608 722 2701 corripiatur,
763 2613 1033 2678 consentaneum
1058 2612 1126 2677 est.

20 2716 97 2804 Quo
121 2721 232 2811 magis
257 2719 433 2792 mirandas
460 2728 514 2792 est
537 2718 591 2791 hic
618 2744 756 2808 versus,
785 2724 841 2815 qui
868 2725 902 2792 in
928 2722 967 2792 l..
989 2719 1129 2814 Scipio-

20 2836 74 2906 nis
101 2830 168 2905 Gn.
196 2831 221 2903 i.
251 2832 317 2907 Gn.
346 2858 381 2905 n.
410 2835 569 2931 sepulcro
594 2838 727 2909 incisus
751 2845 816 2909 est:

125 2998 289 3096 Magnam
316 3005 515 3100 sapientiam
616 3004 806 3097 multasque
830 3003 988 3074 virtutes.

17 3165 108 3239 Nam
136 3167 226 3262 quod
257 3190 347 3241 nunc
384 3168 457 3241 lere
495 3169 543 3260 lit,
571 3179 607 3240 ut
643 3174 740 3242 vocis
773 3173 921 3241 virtuter
957 3168 1130 3264 primast

18 3283 168 3356 secunda
200 3307 264 3357 suo
290 3308 447 3380 quaeque
472 3289 539 3358 ictu
566 3289 808 3379 insignientur,
833 3293 973 3382 propter
997 3283 1129 3356 thesim

17 3399 131 3471 medio
156 3401 189 3471 in
221 3399 332 3472 verho
358 3423 585 3498 suppressam
621 3400 704 3473 ferri
736 3404 869 3494 nequit.
899 3396 1129 3471 Grotelandus

17 3521 154 3601 autem,
188 3536 266 3586 cum
301 3514 419 3589 theses
452 3518 558 3589 omitti
595 3517 783 3609 ignoraret,
823 3535 891 3608 pue
928 3512 1129 3609 particulam

17 3627 104 3701 duas
129 3628 279 3724 syllabas
303 3629 419 3703 lacere
442 3634 602 3716 coniecit,
643 3639 680 3702 ut
703 3630 883 3703 dicandum
921 3636 1018 3701 osset
1047 3648 1127 3703 cae.

18 3739 116 3828 olor
141 3765 217 3815 cum
243 3743 430 3818 defendere
455 3766 526 3819 non
551 3744 710 3830 audeam,
751 3743 977 3816 similitudino
1007 3750 1129 3815 tamen

16 3879 139 3931 carere
161 3880 232 3931 non
256 3881 362 3952 nego.
388 3858 476 3933 Nam
514 3869 549 3931 et
584 3881 680 3953 opera
716 3858 826 3931 trihus
863 3856 1006 3953 syllahis
1038 3857 1129 3931 dicta

20 3979 73 4043 ost
93 3994 113 4042 a
137 3970 297 4044 Lucretio
322 3972 385 4060 Vl,
414 3974 757 4067 structuraque,
776 3977 806 4047 si
831 3970 1129 4051 Lachmannusad
1156 4042 1186 4091 μ

17 4089 169 4183 priorem
193 4088 311 4161 locum
348 4098 442 4163 recta
477 4091 665 4175 adnotavit,
706 4088 871 4162 al'lauto
903 4087 1126 4182 etiamtiam,
