2746 4530
661 259 705 333 26

131 465 268 537 Deinde
295 470 328 538 in
355 466 534 538 Ritscbelii
561 469 663 563 Corp.
691 472 795 541 lnscr.
823 471 892 543 tab.
914 472 1136 548 LXXXVlll:

175 596 258 668 Fuit
286 599 416 669 Atistio
443 602 546 688 uxor,
697 600 780 672 Mihi
799 601 932 674 femina
950 611 1106 700 opituma
1124 569 1240 692 verm&

131 729 264 816 Quoius
290 735 445 825 corporis
472 733 654 825 reliquiae,
700 733 790 819 Quot
814 739 993 831 superant,
1023 742 1104 811 sunt
1129 743 1163 811 in
1180 741 1241 813 haic

548 863 707 937 Pana'rio.

125 1002 164 1073 ln
182 1003 309 1073 eodem
336 1006 564 1070 monumento
590 999 797 1092 Spengelius
824 1023 858 1094 p.
890 1001 937 1072 94
957 1005 1142 1074 verissime
1158 1026 1242 1102 ver7

125 1138 187 1188 sas
214 1114 367 1186 distinxit
392 1116 454 1184 sic:

339 1229 485 1299 Pistoris
513 1219 751 1320 redemptoris.

444 1341 611 1434 Apparet.

176 1457 291 1551 Atque
316 1459 447 1543 nescio,
476 1477 519 1524 an
547 1457 580 1523 in
608 1456 886 1549 inscriptionibus
905 1459 1031 1552 ,plures
1071 1461 1243 1534 eiusmodi

124 1560 250 1644 uersus
284 1571 424 1652 lateant,
453 1567 554 1661 quale
581 1576 634 1638 est
658 1568 734 1640 boc:

423 1702 534 1791 Fruge
561 1698 652 1772 bonai
677 1701 814 1797 pudica.

128 1834 247 1929 Itaque
275 1834 520 1927 antiquissimis
546 1831 759 1926 temporibus
783 1832 930 1906 Romani
958 1836 1021 1908 boo
1047 1859 1154 1908 versu
1180 1839 1245 1908 tri-

129 1959 243 2020 metro
269 1948 463 2033 utebantur,
499 1969 613 2039 neque
646 1949 801 2038 graviter
832 1947 963 2020 fallitur
1001 1950 1244 2036 Terentianus,

127 2067 186 2157 qui
213 2064 391 2133 dimetrum
417 2052 599 2132 iambicum
626 2045 857 2132 catalecticum
885 2064 974 2158 apud
1005 2087 1066 2135 eos
1083 2069 1247 2138 invenis-

130 2200 170 2251 se
198 2176 264 2248 sibi
290 2181 388 2249 visus
415 2185 481 2247 est.
510 2175 564 2247 De
590 2175 714 2248 iambis
740 2186 867 2264 tamen,
886 2179 1005 2270 quales
1024 2180 1112 2273 apud
1130 2177 1247 2274 Grae7

126 2315 187 2365 eos
228 2295 435 2377 exstiterint,
476 2290 529 2361 bic
555 2293 770 2383 cogitandum
797 2315 865 2364 non
891 2315 986 2375 esse,
1019 2315 1064 2363 ex
1097 2316 1247 2388 exemp-

128 2408 172 2502 lis
199 2409 326 2479 nostris
353 2414 509 2501 apparet,
538 2410 573 2476 in
599 2405 725 2497 quibus
749 2430 863 2500 neque
889 2407 1040 2479 thesium
1058 2411 1248 2503 productu-

129 2543 206 2591 rum
234 2523 406 2612 legitimus
447 2520 544 2592 locus
582 2543 697 2612 neque
736 2525 917 2593 anacrusis
955 2521 1141 2595 observata
1179 2535 1244 2598 est.

131 2637 275 2729 Longos
302 2643 413 2705 autem
441 2657 580 2724 versus,
601 2637 659 2727 qui
678 2634 741 2706 boc
762 2645 875 2706 metro
894 2636 1064 2731 duplicato
1082 2641 1147 2708 orti
1164 2642 1244 2725 sint,

128 2773 311 2843 nunquam
337 2754 427 2820 inter
451 2770 490 2819 se
517 2757 587 2818 tam
617 2757 689 2818 arte
716 2749 929 2833 coalescere,
958 2757 996 2819 ut
1026 2772 1115 2821 unus
1147 2755 1248 2823 oria-

130 2875 197 2952 tur,
226 2889 307 2935 cum
334 2867 467 2936 tonicae
494 2885 599 2955 quam
626 2870 750 2933 vocant
781 2866 896 2956 poesis
933 2865 1134 2952 similitudo,
1171 2876 1246 2938 tum

127 2979 297 3054 eiusmodi
323 2999 450 3049 versus
477 2976 628 3048 ambitus
660 2979 742 3047 satis
776 2977 1006 3048 demonstrat.
1045 2977 1175 3072 Atque,
1210 2987 1247 3050 ut

127 3095 169 3166 ad
196 3097 412 3189 propositum
439 3089 578 3160 tanden
614 3090 816 3174 redeanus,
860 3091 923 3162 hoc
961 3115 1075 3184 genus
1115 3115 1244 3166 versus

128 3209 312 3281 Saturnius
338 3202 506 3278 habeatur
527 3225 674 3274 necesse
713 3214 778 3276 est.
822 3208 902 3290 tluis
940 3215 993 3277 est
1030 3210 1139 3292 enim,
1186 3213 1245 3302 qui

126 3345 209 3393 eum
236 3342 381 3391 versum
408 3318 567 3409 longum,
596 3341 616 3388 e
642 3318 774 3390 duobus
800 3321 967 3391 trimetris
997 3323 1244 3414 compositum,

127 3458 205 3507 esse
219 3442 337 3526 neget,
347 3435 557 3528 praesertim
572 3455 649 3503 cum
664 3436 698 3503 in
713 3435 958 3505 Romanorum
971 3438 1085 3506 veteri
1099 3442 1198 3529 poesi
1212 3446 1248 3509 et

129 3547 300 3620 iambicos
326 3555 361 3626 et
385 3546 575 3653 trochaicus
593 3551 767 3619 trimetros
786 3547 931 3620 viderit?
952 3547 1024 3621 Has
1043 3554 1139 3622 enim
1157 3573 1248 3644 par-

126 3672 179 3736 tes
206 3667 240 3734 in
268 3661 426 3733 Satumio
452 3684 558 3732 versu
583 3665 700 3733 inesse
727 3661 962 3734 Terentianus
989 3664 1098 3736 docet.

178 3777 275 3863 Quod
301 3800 379 3846 cum
410 3774 553 3848 anobis
580 3780 663 3848 satis
693 3777 977 3848 demonstratum
1010 3800 1092 3849 esse
1119 3779 1247 3850 uidea-

131 3901 198 3977 tur,
227 3891 425 3960 Saturnium
452 3912 597 3960 versum
629 3891 774 3983 longam
801 3913 894 3974 esse,
927 3893 959 3963 id
985 3899 1052 3978 est,
1084 3899 1140 3985 qui
1179 3916 1247 3966 non

132 3988 274 4077 arbitrio
300 4003 401 4074 huius
428 4004 567 4075 illiusve
593 4012 730 4099 poetae,
757 4005 819 4076 sed
844 4009 979 4101 origine
1005 4014 1041 4078 et
1064 4014 1186 4079 natura
1211 4013 1247 4080 iu
