2746 4530
285 1586 347 1657 DE
374 1585 551 1658 VERSUS
578 1583 795 1658 SATURNII
822 1583 1075 1671 DOCTRINA,

384 1816 488 1898 qualis
511 1817 583 1882 ante
610 1813 691 1880 luno
714 1813 794 1880 diem
818 1813 982 1881 exstiterit.

174 2131 227 2201 De
254 2153 380 2201 versus
411 2129 560 2200 Saturnii
587 2137 709 2199 namra
738 2151 778 2198 ao
804 2127 939 2216 legibus
965 2132 1030 2199 iam
1058 2131 1147 2200 inter
1164 2130 1242 2202 Ro-

123 2266 304 2315 manorum
331 2248 589 2337 grammatiroS‚
620 2265 763 2337 quorum
791 2243 926 2337 quidem
954 2247 1080 2338 scripta
1106 2245 1148 2314 ad
1174 2266 1238 2316 nos

124 2367 374 2453 pervenerunt,
403 2358 492 2429 haud
517 2380 627 2453 parva
654 2358 697 2428 lis
724 2355 848 2428 fuerat.
884 2356 962 2447 Qui,
995 2379 1071 2427 cum
1105 2361 1242 2452 antiqua

127 2472 298 2543 vocalium
327 2494 487 2543 mensura
514 2472 627 2542 multis
653 2475 688 2540 in
715 2469 819 2542 rebus
837 2473 1011 2542 immutata
1030 2480 1124 2543 esset
1142 2480 1243 2566 atque

124 2585 213 2656 Livii
240 2593 273 2654 et
297 2585 421 2656 Naevii
448 2590 598 2657 carmina
623 2608 731 2680 prope
758 2588 792 2655 iu
826 2585 900 2657 dies
934 2591 1066 2657 rariora
1099 2585 1239 2668 fierent,

125 2722 239 2793 neque
259 2700 323 2771 sibi
342 2700 429 2770 hano
447 2700 937 2792 difficillimamquaestionem
960 2701 1099 2772 solvere
1126 2722 1242 2794 neque

125 2815 226 2885 nobis
254 2819 434 2908 quiequam
461 2815 543 2884 utile
569 2822 710 2908 praeter
747 2812 941 2905 fragmenta
979 2836 1090 2908 eaque
1129 2836 1238 2908 pauca

122 2937 161 2999 et
185 2937 344 3024 corrupta
369 2929 517 3023 prodere
548 2936 741 3024 potuerunt.
783 2928 902 3021 ltaque
940 2928 1131 2999 mirandum
1170 2949 1240 2998 non

122 3051 194 3128 est,
224 3045 311 3136 quod
339 3065 563 3137 quaeeunque
582 3051 658 3113 ante
677 3052 830 3113 nostram
849 3051 1013 3131 aetatem,
1034 3066 1100 3137 qua
1118 3063 1242 3134 gram-

126 3163 273 3227 matioae
300 3181 387 3252 quae
414 3159 540 3229 dieitur
565 3163 824 3251 comparativae
850 3159 1049 3253 opemulto
1082 3157 1243 3235 subtilior

127 3276 264 3367 priscae
290 3272 480 3344 Latinitatis
506 3277 623 3343 notitia
650 3282 846 3368 comparata
873 3283 936 3357 est,
964 3274 1026 3344 hoo
1059 3274 1101 3343 de
1132 3294 1239 3344 versu

131 3386 187 3456 vel
215 3386 256 3456 ab
281 3386 473 3458 hominibus
501 3395 533 3458 et
559 3388 733 3457 doctrinae
751 3396 787 3457 et
814 3390 946 3479 ingenii
975 3387 1110 3481 plurimi
1130 3388 1246 3480 serip-

127 3509 164 3570 ta
191 3509 281 3590 sunt,
310 3501 393 3571 nihil
418 3500 492 3572 fere
517 3503 702 3584 continent,
732 3500 819 3592 quod
848 3504 881 3571 in
911 3525 1009 3572 usum
1024 3503 1138 3595 possis
1157 3520 1247 3570 oon-

129 3624 284 3686 vertere.
317 3615 502 3686 Videbatur
529 3622 643 3687 autem
663 3637 787 3685 versus
806 3615 973 3686 iambious
995 3637 1089 3700 esse,
1112 3612 1152 3683 ad
1172 3613 1247 3684 Te-

127 3733 275 3799 rentiani
303 3733 445 3801 schema
472 3729 546 3800 fere
573 3729 818 3813 conformatus,
853 3751 999 3800 caesura
1031 3736 1144 3798 tamen
1176 3749 1245 3799 non

131 3864 267 3936 semper
293 3842 477 3915 observata
504 3853 538 3915 et
564 3845 640 3916 aliis
667 3845 816 3914 licentiis
844 3844 1018 3928 admissis,
1047 3849 1083 3911 ut
1109 3840 1247 3913 eBon-

124 3957 201 4046 dei,
230 3957 408 4046 Scaligeri,
439 3960 583 4029 aliorum
613 3959 784 4052 exemplis
812 3966 969 4053 apparet.
998 3955 1119 4049 Neque
1151 3956 1246 4027 mul-

124 4078 162 4140 to
190 4070 351 4142 meliores
389 4081 467 4143 sunt
505 4070 690 4142 Godofredi
729 4071 917 4143 Hermanni
960 4072 1128 4157 saturnii,
1169 4090 1248 4141 oum

1118 4184 1137 4255 1
