2746 4530
660 298 704 371 50

180 511 255 584 Huc
288 508 430 595 accedit,
471 509 560 602 quod
593 511 627 579 in
662 507 905 583 Germanorum
939 512 1116 599 versibus,
1158 517 1236 584 cum

131 635 258 700 certum
287 633 485 696 accentuum
511 644 698 711 numerum,
726 648 795 697 non
820 628 927 721 pedes
952 627 1101 699 habeant
1123 651 1237 723 1111111

131 765 175 814 ex
202 742 329 812 arsium
348 748 382 808 et
398 737 540 808 thesium
560 737 750 810 dillerentia
768 742 953 835 pendeant,
975 743 1142 838 siquando
1168 743 1236 816 duo

130 862 293 926 accentus
318 859 539 936 concurrunt,
566 852 688 924 thesim
717 856 932 927 intercidisse
960 857 1140 950 putandum
1166 879 1235 929 non

130 979 196 1056 est,
230 972 265 1040 in
291 967 526 1040 Romanorum
560 976 675 1038 autem
700 992 806 1041 versu
834 969 1004 1057 Saturnio,
1039 994 1115 1042 cum
1141 981 1236 1044 certo

132 1086 300 1179 temporis
333 1084 443 1176 spatio
475 1085 612 1168 nitatur,
653 1087 682 1154 si
714 1086 804 1154 inter
835 1085 920 1157 duos
952 1089 1037 1156 ictus
1073 1087 1167 1157 nulla
1192 1091 1237 1158 sit

130 1202 307 1270 interiecta
339 1195 484 1291 syllaba,
524 1195 645 1267 thesim
672 1219 753 1270 esse
779 1203 955 1289 omissam,
995 1201 1028 1270 id
1059 1207 1113 1271 est
1147 1223 1236 1274 voce

131 1323 166 1386 et
189 1333 349 1386 sermone
373 1333 442 1383 non
467 1311 653 1406 impletam,
682 1335 783 1384 nemo
815 1323 880 1401 est,
910 1316 991 1409 quin
1007 1315 1136 1385 videat.
1167 1314 1235 1387 Sed

130 1427 239 1500 sicubi
258 1424 388 1521 syllaba
413 1425 505 1497 nulla
532 1432 594 1510 est,
621 1424 727 1497 thesis
755 1435 868 1498 autem
895 1430 962 1500 nisi
981 1430 1232 1523 interponatur,

130 1555 163 1614 11
187 1563 311 1612 versus
337 1539 478 1611 brevior
508 1542 564 1624 sit,
592 1562 691 1633 quam
718 1562 798 1612 esse
825 1539 960 1628 debeat,
989 1551 1023 1612 11
1040 1564 1127 1635 quae
1146 1545 1237 1614 arsis

126 1677 263 1750 quaeve
288 1655 394 1725 thesis
426 1653 602 1738 habeatur,
638 1656 805 1724 incertum
834 1657 889 1741 sit,
929 1655 977 1726 ihi
1008 1666 1065 1727 aut
1098 1659 1236 1730 silentio

130 1777 188 1841 aut
219 1777 319 1840 cantu
356 1768 579 1839 intervallum
617 1768 826 1863 implendum
865 1778 938 1857 est,
984 1770 1073 1863 qnod
1125 1772 1235 1844 thesis

134 1888 284 1958 omissae
328 1887 438 1979 spatio
472 1905 535 1978 par
563 1887 618 1954 sit.
669 1883 709 1955 ln
734 1895 945 1980 pentametro
978 1888 1112 1980 quidem
1145 1889 1235 1960 dac-

128 2000 234 2096 tylico
261 2007 296 2070 et
319 1998 429 2069 medio
457 2006 491 2069 et
516 2006 670 2070 extremo
696 2001 798 2071 binae
824 2021 940 2071 morae
966 2004 1167 2091 reticentur,
1198 2011 1237 2074 nt

129 2112 367 2185 hexametrum
393 2116 503 2207 spatio
529 2122 664 2208 aequet,
690 2116 725 2182 in
750 2111 922 2184 trochaico
949 2119 1144 2208 septenario
1162 2138 1234 2188 ex-

128 2235 238 2298 tremo
269 2246 356 2314 una,
400 2246 499 2317 quam
532 2227 562 2296 si
596 2223 723 2318 syllaba
757 2227 994 2317 expresseris,
1034 2231 1235 2300 octonarius

128 2347 204 2414 erit.
270 2340 400 2411 ldcirco
430 2343 633 2435 pentametri
665 2362 811 2410 caesura
844 2341 902 2410 vel
935 2345 1059 2411 nostris
1093 2341 1233 2415 auribus

128 2457 237 2528 multo
264 2455 387 2526 melius
413 2456 611 2549 percipitur,
639 2475 738 2547 quam
765 2453 968 2540 hexametri,
996 2458 1031 2525 in
1057 2477 1123 2548 qua
1149 2456 1233 2529 nihil

128 2576 295 2645 omissum
328 2573 382 2642 sit.
449 2568 620 2653 Quoniam
658 2573 761 2662 igitur
792 2572 867 2640 sine
898 2591 1008 2640 vacuo
1034 2573 1230 2660 intervallo,

128 2689 163 2760 id
189 2696 246 2758 est
272 2689 346 2758 sine
371 2707 516 2756 caesura
542 2691 599 2754 aut
625 2686 701 2755 sine
726 2683 875 2754 diaeresi
906 2706 950 2755 ne
976 2706 1070 2755 mora
1096 2686 1232 2779 quidem

126 2804 266 2874 reticeri
291 2808 416 2896 potest,
456 2798 545 2869 baud
577 2797 677 2869 facile
703 2798 872 2869 eiusmodi
899 2805 1144 2890 pentametrum
1171 2803 1233 2872 in·

128 2922 287 3004 1111111,
334 2921 368 2986 in
401 2937 467 3009 quo
499 2914 642 2985 verbum
677 2937 721 2984 ex
753 2935 821 2985 uno
853 2914 989 2985 dimidio
1021 2918 1056 2985 in
1088 2915 1232 2988 alterum

127 3042 317 3132 porrectum
345 3035 398 3106 sit.
443 3029 499 3099 Sic
525 3032 615 3100 enim
642 3037 699 3099 aut
724 3029 940 3099 intervallum
966 3051 1108 3123 pessum
1134 3029 1233 3103 datur

127 3159 185 3221 ant
208 3147 352 3218 verbum
379 3151 573 3215 monstrose
597 3143 782 3215 divellitur.
834 3142 956 3237 Neque
975 3144 1074 3214 aliter
1089 3145 1133 3214 de
1151 3167 1232 3218 me·-

126 3265 202 3337 licis
238 3260 450 3333 Graecorum
487 3258 695 3330 carminibus
727 3280 872 3329 censere
910 3259 1045 3328 videtur
1076 3258 1234 3332 Rossba-

127 3377 222 3449 chius
247 3376 263 3447 1
287 3399 320 3471 p.
343 3376 401 3460 87,
432 3377 487 3445 cui
512 3395 622 3467 nuper
647 3375 723 3443 sine
746 3376 956 3465 argumentis
982 3371 1159 3444 oblocutus
1180 3382 1233 3447 est

125 3488 296 3583 Bergkius
319 3492 353 3559 in
377 3491 476 3560 tertia
494 3495 669 3582 poetarum
697 3489 892 3576 lyricorum
910 3485 1124 3558 Graecorum
1149 3489 1232 3560 edi-

125 3608 216 3677 tione
242 3627 275 3698 p.
296 3603 355 3675 lX.
419 3601 516 3688 Quod
547 3623 621 3672 cum
649 3606 816 3672 inversu
846 3605 1004 3674 Saturnio
1035 3603 1126 3673 idem
1155 3601 1232 3676 11111

127 3727 303 3814 appareat,
336 3727 373 3788 ut
404 3717 513 3788 thesis
546 3715 720 3786 reticenda
746 3719 801 3801 sit,
831 3718 997 3808 quomodo
1022 3715 1096 3787 heri
1125 3739 1231 3812 posse

126 3837 378 3920 existimamus,
407 3841 443 3903 ut
468 3836 504 3903 in
531 3830 655 3902 mediis
682 3830 798 3901 verbis
825 3832 1042 3902 intervallum
1060 3831 1228 3919 audiatur,

125 3947 248 4033 idest,
283 3955 320 4017 ut
349 3947 456 4018 verba
483 3947 628 4017 diaeresi
661 3944 876 4017 dissecentur
901 3968 941 4015 ac
973 3943 1229 4017 distrabantur?

125 4059 238 4154 Finge
269 4070 303 4132 te
328 4063 480 4133 ultimum
505 4063 761 4156 epigrammatis
788 4059 909 4131 Sorani
943 4081 1084 4131 versum
1109 4059 1229 4154 legere

161 4197 194 4248 c:
588 4194 591 4207 ’
