2746 4530
664 319 708 391 1t

124 556 205 607 mae
230 539 320 606 sunt.
349 531 405 606 Ex
431 555 497 629 qua
525 544 679 630 apparet,
707 557 847 606 versum
868 536 1067 608 Saturnium
1096 562 1243 634 compo-

125 655 227 722 situm
255 673 335 722 esse
362 673 382 720 e
408 651 555 722 dimetro
580 649 730 721 iambico
767 652 966 723 catalectico
996 663 1030 724 et
1055 677 1074 724 e
1102 656 1244 749 tripudia

125 766 316 847 trochaica,
338 787 483 858 quorum
505 765 623 836 theses
642 769 725 836 satis
742 765 887 836 licenter
903 769 1152 860 producantur,
1170 769 1240 854 vel,

125 887 209 949 uta
236 883 450 949 metricorum
479 876 692 949 Graecorum
718 902 796 964 usu,
826 885 883 972 qui
924 880 987 951 hac
1025 885 1060 951 in
1096 906 1134 952 re
1160 883 1244 954 nihil

126 995 195 1063 nisi
219 993 465 1086 impedimento
492 1001 559 1080 est,
587 993 736 1086 paullum
766 992 964 1081 abscedam,
985 1017 1005 1065 e
1025 994 1134 1066 trihus
1153 1000 1244 1066 iam-

126 1103 182 1174 bis
216 1126 292 1174 cum
333 1103 464 1197 syllaba
491 1113 592 1198 atque
632 1128 652 1176 e
691 1097 861 1176 trochaeis
900 1109 980 1177 item
1019 1108 1140 1179 tribus.
1182 1109 1247 1180 Est

128 1223 234 1311 igitur
274 1218 326 1288 hic
357 1240 484 1289 versus
523 1241 625 1311 quem
663 1220 777 1288 dicunt
815 1220 940 1311 longus
980 1243 1049 1291 non
1095 1247 1136 1293 ea
1163 1227 1245 1316 qui-

126 1335 205 1405 dem
234 1333 503 1425 significatione,
535 1357 600 1426 qua
634 1333 676 1403 ab
703 1332 816 1403 Ennio
855 1332 1058 1405 hexameter
1097 1337 1244 1430 dactyli-

128 1471 190 1518 cus
218 1449 342 1540 longus
368 1453 563 1519 nominatus
591 1459 673 1518 csse
699 1449 1079 1541 dicitur—quamquam
1105 1455 1134 1520 is
1156 1472 1246 1543 quo-

127 1583 194 1654 que
220 1561 338 1631 eodem
366 1565 515 1655 pertinet
529 1601 587 1647 -,
606 1562 667 1631 sed
695 1584 761 1654 qua
789 1559 952 1633 Germani
979 1585 1120 1634 versum
1147 1585 1244 1635 suum

127 1678 264 1768 epicum
292 1679 465 1767 antiquum
495 1675 679 1766 Laaqcera
710 1681 786 1746 sive
827 1675 1019 1767 Loapseilc
1058 1678 1242 1773 appellant.

128 1788 226 1874 Quod
252 1799 289 1859 ut
314 1800 406 1861 recte
431 1792 663 1882 intellegatur,
692 1814 769 1861 cum
796 1790 838 1860 de
863 1792 1045 1883 longorum
1064 1814 1242 1881 versuum,

128 1911 197 1972 tum
226 1904 267 1972 de
295 1904 444 1974 Saturnii
472 1907 607 1995 origine
633 1927 744 1999 pauca
770 1904 914 1975 dicenda
941 1912 1030 1975 sunt.

179 2016 294 2108 Atque
319 2021 393 2088 eius
421 2021 530 2109 origo,
558 2041 660 2111 quam
687 2016 854 2088 Graecam
882 2041 960 2092 esse
989 2023 1035 2089 ait
1060 2019 1246 2091 Terentia-

128 2151 208 2216 nus,
236 2150 305 2199 non
331 2133 442 2222 magis
471 2135 503 2200 in
532 2129 692 2215 Graecia,
722 2153 825 2225 quam
862 2136 897 2201 in
932 2122 1163 2203 scandinavia
1191 2143 1248 2204 aut

128 2245 164 2313 in
191 2242 325 2313 Judaea
343 2244 540 2336 quaerenda
568 2254 634 2315 est.
671 2243 848 2339 Nusquam
867 2250 958 2314 enim
978 2247 1145 2316 eiusmodi
1159 2269 1247 2317 ver-

129 2379 189 2426 sus
218 2357 401 2451 populares
427 2361 661 2444 inveniuntur,
703 2363 758 2452 qui
798 2383 842 2429 ex
881 2361 993 2430 alieno
1032 2370 1141 2433 metro
1182 2360 1256 2433 orti

129 2474 210 2556 sint,
248 2484 421 2566 postquam
451 2473 578 2566 aliquid
604 2473 683 2543 hinc
710 2483 767 2544 aut
784 2475 876 2544 illinc
895 2479 1114 2562 accessisset,
1143 2485 1180 2546 ut
1198 2476 1247 2546 illi

129 2592 201 2655 tres
228 2584 396 2672 trochaei,
432 2590 590 2679 quicum
619 2587 662 2656 ad
688 2585 856 2657 Graecum
882 2589 1094 2659 versiculum
1125 2589 1249 2659 iambi·
1321 2599 1322 2606 ’

129 2722 207 2769 cum
235 2700 382 2768 adiuncti
407 2709 539 2785 essent,
577 2699 756 2770 Saturnius
775 2723 900 2772 versus
919 2703 1090 2795 prodiisse
1109 2702 1244 2772 dieitur.

131 2812 199 2882 Sed
234 2814 388 2907 plerique
416 2813 510 2885 orbis
535 2822 702 2884 terrarum
729 2815 859 2909 populi,
898 2818 975 2886 sive
1012 2836 1054 2886 eo
1087 2837 1249 2887 sermone

130 2937 286 3013 utuntur,
316 2931 349 2997 in
377 2924 443 3022 qu'o
468 2928 710 3022 productarum
737 2937 772 2999 et
797 2938 1031 3024 correpturum
1059 2930 1248 3002 differentia

131 3046 225 3115 clare
265 3042 410 3127 auditur,
452 3045 528 3113 sive
561 3065 616 3129 eo,
661 3046 695 3113 in
735 3065 801 3136 quo
840 3053 1000 3116 accentus
1041 3044 1246 3130 dominatur,

131 3158 300 3229 eiusmodi
328 3179 452 3233 versus
478 3154 605 3226 hahent
628 3166 685 3226 aut
722 3161 907 3251 antiquitus
945 3155 1149 3242 hahuerunt,
1192 3163 1250 3253 qui

131 3273 267 3343 ehinis
294 3272 448 3340 ternisve
476 3269 626 3355 arslbus,
665 3271 789 3364 quihus
827 3272 943 3345 theses
984 3272 1113 3367 aliquot
1143 3293 1250 3342 acce-

131 3389 265 3472 derent,
294 3382 594 3457 conformarentur
620 3390 746 3477 quique
771 3395 911 3480 propter
936 3408 1108 3457 summam
1135 3385 1248 3457 thesi-

130 3524 186 3571 um
213 3502 475 3571 inconstantiam
505 3503 540 3568 in
569 3499 677 3592 pedes
703 3499 814 3591 digeri
840 3500 934 3570 nullo
962 3500 1062 3570 modo
1089 3507 1245 3594 possent.

130 3612 227 3685 llaec
253 3623 307 3684 est
327 3616 418 3684 enim
446 3616 704 3706 antiquissimae
743 3616 863 3708 poesis
899 3616 1068 3698 condicio,
1098 3621 1145 3699 ut,
1173 3635 1248 3685 cum
1283 3599 1297 3622 ⁵

131 3733 261 3799 arsiam
295 3728 393 3797 modo
420 3736 514 3798 certo
552 3749 696 3799 numero
734 3751 860 3799 versus
899 3738 1052 3823 regatur,
1095 3726 1251 3799 thesibus

133 3844 173 3913 ad
195 3844 321 3912 nullam
350 3842 450 3911 aliam
477 3862 550 3917 rem
578 3864 663 3935 opus
692 3847 747 3929 sit,
777 3847 842 3914 nisi
870 3865 1012 3936 quarum
1037 3843 1251 3937 comparati-

132 3935 200 4027 one
227 3975 330 4026 arses·
352 3956 616 4046 distinguantur.
658 3954 806 4049 Exque
839 3958 1000 4043 allicitur,
1042 3965 1078 4026 ut
1109 3979 1153 4026 ne
1186 3954 1251 4026 hoc

135 4071 271 4164 quidem
299 4070 340 4140 ad
367 4089 548 4139 numeram
573 4071 720 4156 intersit,
749 4079 860 4143 utrum
885 4093 1012 4144 versus
1039 4069 1081 4140 ah
1113 4071 1183 4140 arsi
1207 4089 1251 4139 an

1097 4185 1142 4256 2}
