2746 4530
684 295 728 383 1⁶

144 507 176 581 E
200 505 289 579 Livii
315 506 503 579 Andronici
530 451 684 596 Odissia:

301 656 353 727 lbi
379 675 523 726 manens
550 655 684 740 sedete,
713 655 870 726 donicum
896 653 1046 726 videbis.

147 802 215 875 Sed
242 807 271 876 si
298 805 565 876 nonnullarum
592 802 814 900 syllabarum,
842 828 931 899 quae
965 805 1029 877 sub
1063 809 1115 877 rei
1147 807 1265 901 publi·

146 940 209 988 cae
234 915 337 989 finem
363 921 489 1013 corripi
521 927 664 1013 coeptae
691 927 783 1006 sunt,
811 922 983 1014 antiquam
1018 921 1265 1014 longitudinem

147 1036 447 1120 revocaverimus,
466 1033 659 1105 huiusmodi
681 1056 848 1105 versuum
866 1057 1030 1108 numerus
1056 1031 1159 1107 multo
1186 1058 1266 1106 am·

147 1148 240 1242 plior
266 1149 341 1217 erit.
370 1145 423 1216 Ac
449 1151 594 1241 primum
622 1148 771 1241 quidem,
800 1170 875 1218 curn
902 1152 916 1218 i
942 1150 1074 1222 literam
1094 1153 1266 1222 termina-

147 1264 251 1333 tionis
275 1265 331 1330 icc
359 1263 542 1355 antiquitus
569 1263 706 1354 longam
732 1261 841 1335 inisse
865 1287 884 1334 a
908 1257 1085 1337 Friderico
1105 1265 1267 1336 liitsche-

147 1377 195 1446 lio
222 1379 255 1446 in
282 1376 394 1446 indice
413 1377 603 1447 lectionum
630 1376 852 1448 hibernarum
880 1378 1047 1450 ross-4
1075 1387 1108 1449 et
1135 1378 1265 1450 allor-

148 1513 254 1564 sseno
279 1490 376 1577 libri,
399 1495 469 1584 qui
486 1499 539 1562 est
565 1493 606 1562 de
629 1495 904 1586 pronuntiatione
949 1501 983 1563 et
1016 1504 1159 1566 accentu
1193 1495 1265 1565 lin-

148 1625 238 1697 guae
264 1601 417 1690 Latinae,
446 1603 461 1674 l
486 1628 521 1699 p.
554 1607 623 1678 150
657 1589 1031 1679 satis'demonstratum
1055 1612 1111 1698 sit,
1136 1596 1267 1705 primns

149 1739 282 1804 eorum,
311 1721 367 1814 qui
394 1720 429 1789 in
457 1719 628 1814 Scipionis
656 1720 793 1792 Barbati
813 1722 973 1817 sepulcro
991 1723 1164 1816 leguntur,
1178 1746 1285 1799 ver-.

149 1833 279 1905 siculus
305 1837 435 1928 optime
460 1835 636 1929 procedet:
785 1825 791 1834 ’

365 1999 546 2070 Cornelius
572 1998 705 2071 LucIus
725 2000 839 2094 Scipio
865 1998 1051 2072 Barbatus.

109 2167 112 2172 ’
150 2165 283 2237 Deinde
310 2167 431 2236 tertiae
460 2188 628 2259 personae
652 2169 792 2236 numeri
822 2158 1015 2258 singularis·
1041 2168 1263 2236 terminatio-

148 2301 212 2350 nes
237 2283 273 2351 in
290 2285 315 2365 t,
337 2302 425 2372 quae
443 2285 545 2351 etiam
565 2303 584 2350 a
603 2279 775 2371 Vergilio,
805 2277 961 2364 Horatio,
992 2280 1068 2349 aliis
1095 2278 1260 2374 producte

149 2396 319 2465 interdum
346 2395 546 2466 dicebantur
564 2397 617 2486 (v.
640 2395 793 2465 Gorsscn
813 2393 1034 2488 Aussprache
1057 2400 1122 2465 etc.
1144 2391 1172 2480 l,
1196 2395 1265 2466 348

151 2528 243 2601 sqq„
272 2507 357 2578 Krit.
387 2509 493 2580 Beitr.
523 2532 557 2603 p.
589 2509 658 2579 555
676 2511 785 2601 sqq.),
803 2507 960 2578 Saturnio
986 2510 1021 2578 in
1041 2530 1145 2579 versu
1173 2509 1262 2601 quod

152 2626 358 2717 saepissime
386 2624 631 2717 producuntur,
653 2623 844 2693 mirandum
869 2630 1021 2693 nonest.
1044 2621 1108 2693 (lui
1126 2626 1267 2694 invento

153 2737 243 2808 aliud
284 2741 313 2808 si
346 2739 529 2827 addideris,
557 2761 624 2831 quo
650 2738 904 2809 demonstratur
929 2760 970 2808 or
996 2739 1270 2808 terminationem

152 2853 350 2948 productam
376 2854 534 2924 vocalem
559 2857 594 2924 in
620 2855 836 2925 nominativo
857 2872 926 2922 non
954 2854 1081 2936 minus,
1111 2872 1212 2944 quam
1232 2855 1267 2921 in

152 2970 278 3038 ceteris
305 2967 443 3037 casibus
475 2967 555 3037 olim
573 2966 739 3058 habuisse
759 2965 809 3061 (v.
832 2964 950 3037 (lorss.
972 2963 1019 3034 ih.
1041 2965 1268 3059 1364sqq.),

151 3085 278 3176 optime
304 3082 426 3174 legere
452 3085 585 3175 poteris
613 3081 674 3152 hos
699 3102 839 3166 versus,
869 3081 1033 3174 quisunt
1064 3082 1098 3149 in
1131 3079 1270 3175 Scipio·

148 3217 235 3265 num
262 3194 400 3288 elogiis,

261 3363 388 3436 Consol
414 3309 539 3435 cdnsor
565 3364 676 3435 aidilis
703 3366 782 3457 quei
807 3361 876 3434 iutt
902 3362 990 3457 apud
1015 3382 1094 3433 vos.

262 3460 388 3534 Consol
414 3477 540 3532 censor
566 3461 677 3532 aidilis
704 3461 768 3531 hec
793 3457 863 3530 fuet
888 3458 977 3554 apud
1002 3480 1081 3543 vos,

154 3621 190 3683 et
214 3612 304 3682 hunc
329 3610 457 3683 Naevii

253 3762 383 3833 Verum
409 3771 547 3859 praetor
573 3763 725 3839 advenit,
755 3761 911 3854 auspicut
937 3759 1143 3852 auspicium.

28 3963 31 3966 ’
101 3985 106 3999 ·
154 3942 265 4014 liliam
291 3965 313 4011 o
338 3944 483 4032 literam,
510 3947 543 4015 in
568 3967 668 4038 quam
693 3945 923 4015 nominativus
948 3941 1135 4033 singularis
1163 3938 1178 4010 l
1202 3935 1271 4009 de-

153 4057 347 4128 clinationis
372 4057 523 4150 caderet,
551 4058 609 4130 diu
641 4060 780 4151 longam
805 4055 914 4128 fuisse
940 4079 960 4127 e
986 4054 1152 4126 Oorsseni
1185 4051 1266 4148 lp.
