2746 4530
653 271 700 343 91³

128 480 207 566 vll,
235 484 317 555 419.
347 481 414 553 Sed
441 487 547 555 etiam
573 503 747 574 consonae
782 484 895 558 finalis
933 511 1009 559 cum
1035 492 1230 585 insequenti

127 596 335 691 producendi
360 600 428 667 vim
456 619 524 669 non
550 596 722 685 habentis,
751 601 840 693 quod
872 624 983 694 genus
1011 606 1098 700 apud
1124 605 1232 677 Plan-

125 720 200 782 tum
227 715 310 782 satis
337 711 403 782 late
429 719 718 810 patereeonstat,
746 738 855 787 unum
881 718 1007 791 saltem
1027 722 1259 816 exemplum

126 831 161 898 in
188 827 325 898 Barbati
342 903 344 907 ,
362 826 422 898 lilii
459 828 574 920 elogio
612 831 728 901 inesse
766 837 934 927 suspicor.
975 834 1127 923 Etenim,
1156 857 1232 906 cum

126 964 240 1034 neque
264 945 363 1012 tertia
391 946 492 1047 arsis,
520 946 550 1014 si
575 943 764 1016 diaeresim
790 957 869 1042 post
906 970 944 1020 se
979 949 1115 1037 haheat,
1145 951 1233 1021 solvi

130 1060 242 1151 possit
273 1079 387 1151 neque
425 1058 555 1130 vocalis
592 1066 670 1130 ante
707 1061 812 1133 dativi
850 1067 1135 1138 terminationem
1173 1065 1236 1135 boo

128 1173 291 1268 producte
317 1195 471 1266 unquam
498 1174 700 1268 appelletur,
730 1180 895 1270 sequitur,
935 1187 970 1249 ut
1002 1202 1112 1273 neque
1137 1183 1235 1275 prio·

130 1309 188 1358 res
213 1285 305 1359 bene
331 1289 492 1379 legerint:

178 1472 290 1546 Dedet
315 1476 587 1570 tempestatibus
694 1480 770 1551 aide
797 1489 932 1552 mereto
960 1472 999 1582 [d
1025 1473 1178 1583 votam],

129 1682 243 1753 nequo
270 1659 475 1754 Spengelius
502 1685 628 1732 verum
654 1667 837 1752 invenerit,
866 1689 942 1736 cum
974 1670 1023 1738 sic
1049 1667 1236 1760 legendum

128 1797 208 1845 esse
233 1782 406 1845 censeret:

179 1961 292 2032 Dedet
315 1963 582 2057 tempestatebus
702 1964 778 2034 aide
804 1973 932 2036 mereto
960 1956 999 2066 [d
1024 1957 1169 2067 votam].

133 2147 224 2220 Nihil
251 2152 356 2241 igitur
393 2158 511 2236 restat,
551 2154 618 2222 nisi
644 2160 680 2222 ut
715 2151 870 2223 Plautino
896 2174 991 2224 mora
1017 2153 1187 2246 legamus:
1252 2243 1255 2247 .

184 2353 290 2424 Delu
314 2352 590 2448 tempestatebus
700 2353 775 2424 aide
803 2363 939 2424 mereto
967 2343 1175 2454 [lubenter].

138 2558 309 2628 Lubenter
336 2567 465 2643 autem,
493 2580 581 2651 quae
619 2555 818 2628 Grotclendi
855 2558 1049 2626 coniectura
1086 2562 1151 2639 ost,
1178 2575 1241 2648 pro

138 2673 316 2744 llitschelii
340 2679 453 2744 cotom
480 2681 660 2767 propterea
687 2673 841 2767 suppleo,
870 2669 1050 2754 nethesis,
1080 2691 1147 2762 quo
1173 2691 1242 2739 non

140 2788 281 2873 debeat,
306 2789 382 2859 loco
419 2789 518 2859 desit.
547 2786 747 2882 Ceteraper
775 2808 811 2856 se
841 2787 1023 2881 perspicua
1049 2791 1139 2853 sunt.
1171 2782 1243 2852 Bua

140 2907 230 2974 enim
259 2906 539 2974 terminationem
566 2906 749 2997 antiquitus
780 2900 981 2996 productam
1005 2897 1112 2970 luisse
1139 2919 1243 2992 supra

140 3020 509 3103 commemoravimus,
538 3040 559 3087 e
585 3025 715 3101 autem,
744 3015 834 3110 quod
860 3017 894 3084 in
920 3014 1035 3084 ultima
1061 3015 1157 3082 vocis
1175 3011 1244 3080 de-

141 3134 199 3204 ‹lel
225 3133 360 3227 syllaba
398 3141 464 3210 est,
504 3141 625 3202 natura
663 3153 733 3203 non
772 3134 882 3222 magis
925 3126 1128 3223 productum
1175 3131 1240 3208 est,

141 3270 243 3341 quam
270 3252 303 3318 in
331 3250 428 3317 vocis
454 3245 728 3338 tempestatelmc
752 3244 971 3339 paenultima.
996 3239 1118 3334 Neque
1149 3240 1245 3308 enim

143 3372 280 3460 propter
305 3363 362 3433 illa
388 3365 532 3447 redtelt,
560 3366 734 3455 uuapicot,
758 3360 910 3451 poaide‘l,
937 3366 1037 3451 atquo
1055 3359 1157 3426 etiam
1174 3353 1247 3442 fail

144 3478 370 3570 colligendum
396 3479 543 3563 videtur,
572 3482 688 3548 omnia
714 3474 884 3546 eiusmodi
909 3476 1063 3543 inversu
1083 3469 1247 3540 Saturnio

147 3594 284 3689 produci
310 3593 451 3679 debere,
482 3593 542 3664 sed
568 3595 681 3688 potius
698 3613 828 3662 vocum
848 3586 1075 3658 iambicamm
1093 3584 1246 3653 ultimam

147 3730 212 3784 non
239 3733 340 3782 secus
367 3718 468 3802 atque
494 3713 529 3780 in
556 3712 681 3779 ceteris
720 3705 873 3777 eiusdem
899 3703 1021 3772 aetatis
1059 3701 1179 3768 metris
1207 3695 1248 3767 arl

146 3827 392 3923 corripiendum
421 3828 538 3897 nescio
564 3821 736 3916 quomodo
765 3817 1003 3914 procliviorem
1028 3834 1120 3884 esse.
1150 3811 1278 3922 llan-⁸

148 3941 226 4014 dam
253 3943 513 4013 exeusationem
540 3937 622 4008 illud
648 3936 783 4006 danunt
808 3930 948 4002 habebit
971 3932 1005 3999 in
1037 3927 1152 3999 tabula
1180 3924 1249 3996 So-

152 4080 246 4144 rana,
276 4056 364 4148 quod
402 4063 516 4126 tamen
554 4074 616 4148 per
655 4046 886 4144 pyrrhichium
924 4047 968 4115 ita
1007 4041 1250 4138 appellandum
