2746 4530
654 268 700 341 25

130 484 255 554 maiore
278 480 457 575 diligentia
482 481 666 578 expolitur,
695 477 781 551 0000
807 477 938 550 iambos
964 501 1070 576 puros
1097 482 1238 557 exhibet

129 596 319 692 etquidem
343 617 414 669 non
438 597 482 668 ad
508 596 699 680 accentum,
728 595 790 666 sed
816 593 858 664 00
883 595 1056 666 vocalium
1081 598 1237 692 longitu-

131 710 240 783 dinem
277 709 399 798 iactos,
439 711 473 782 id
511 719 578 795 cst,
618 709 757 780 ultimus
788 711 956 804 cuiusque
981 701 1238 808 lemistropbao

124 825 313 898 versiculus
338 824 508 920 duplicem
535 827 648 909 ictum,
681 844 783 916 quem
822 845 941 895 omnes
976 828 1141 898 versiculi
1168 852 1236 900 an-

125 941 260 1035 tiquitus
285 935 490 1024 habuerant,
517 959 586 1009 non
604 939 729 1008 amisit.
756 935 799 1006 ln
824 942 950 1010 ceteris
984 948 1097 1011 autem
1124 947 1236 1037 parti-

124 1049 196 1139 bus,
224 1058 404 1148 postquam
432 1055 569 1145 antiqua
596 1051 653 1122 illa
676 1071 841 1122 versuum
858 1053 1122 1147 pangendorum
1150 1058 1236 1127 ratio

125 1167 303 1240 obscurata
323 1175 436 1254 esset,
464 1167 632 1261 quomodo
660 1165 874 1262 syllabarum
911 1190 1076 1240 numerus
1109 1172 1236 1241 ictuum

125 1281 230 1352 locum
257 1281 453 1366 obtinuerit,
481 1285 699 1376 perspicuum
727 1279 796 1362 liet,
835 1283 865 1350 01
897 1280 977 1367 000,
1012 1305 1101 1375 quae
1133 1307 1236 1378 supra
1312 1320 1315 1329 s

124 1396 294 1490 leguntur,
323 1417 451 1468 versus
477 1395 603 1497 politici
630 1392 755 1465 Graeci
781 1395 940 1490 exempla
967 1402 1237 1490 comparaveris,

126 1510 155 1580 in
180 1508 307 1604 quibus
332 1531 398 1603 pro
425 1506 623 1580 accentibus
649 1506 1088 1603 io'tibusvepraetcrquam
1108 1510 1150 1581 ad
1168 1532 1238 1581 ex·

124 1630 267 1695 tremum
294 1620 447 1715 syllabae
472 1621 706 1693 numerandae
734 1628 827 1693 sunt.
859 1621 995 1694 Servati
1022 1632 1135 1695 tamen
1160 1647 1239 1716 sunq

127 1740 224 1807 etiam
251 1735 406 1810 adhaec
431 1744 586 1832 tempora
614 1735 741 1829 aliquot
763 1733 873 1821 Ι81001,
904 1741 961 1829 qni
988 1738 1133 1830 singulis
1160 1739 1239 1833 syl-

128 1846 213 1921 labis
240 1852 336 1921 101110
363 1852 529 1945 appositis
553 1842 731 1940 ldngiores
758 1856 849 1932 sunt,
878 1871 977 1941 quam
1005 1851 1236 1943 0000001001,

128 1983 187 2056 qua
203 1963 300 2035 0000
314 1962 394 2034 vide
404 1962 492 2058 apud
506 1959 785 2054 Boehtlingkium
805 1960 1099 2035 (lhrestomathiae
1112 1966 1235 2058 piat.

130 2076 194 2150 Sed
219 2079 276 2150 hio
299 2079 505 2150 monendum
523 2077 674 2162 videtur,
703 2080 826 2171 nequis
844 2076 966 2151 Plavio
983 2078 1084 2150 fidem
1101 2081 1238 2170 habeat,

130 2197 180 2286 qui
206 2213 285 2264 cum
311 2195 438 2264 ictuum
464 2201 595 2264 certum
621 2213 802 2263 numerum
828 2196 863 2264 10
891 2192 992 2265 Sloco
1018 2197 1136 2268 inesse
1153 2219 1239 2292 pro-

130 2304 209 2381 bare
235 2316 379 2380 conatus
405 2315 514 2396 00001,
543 2309 608 2380 boo
634 2307 806 2402 probavit,
835 2333 874 2381 00
891 2313 1042 2397 nescire,
1063 2334 1152 2406 quae
1170 2335 1240 2383 vo·
1338 2371 1341 2377 .

128 2428 206 2497 catis
244 2423 478 2518 producenda,
512 2447 601 2519 quae
627 2425 844 2518 corripienda
871 2435 968 2498 esset
992 2429 1046 2522 (p.
1078 2429 1123 2500 54
1151 2430 1238 2524 sq).

130 2535 247 2635 lleque
274 2539 483 2612 trochaicum
508 2562 688 2611 numerum
715 2549 808 2612 recte
847 2545 992 2627 invenit,
1032 2541 1090 2615 nbi
1128 2549 1239 2617 exitus

131 2656 308 2732 iambicum
333 2659 447 2751 potius
473 2655 652 2746 significat.
680 2654 836 2728 Arabum
860 2678 945 2729 vero
971 2680 1098 2730 versus
1122 2660 1240 2742 lonni-

129 2788 215 2858 ores,
241 2791 329 2864 quos
354 2772 450 2864 ipsos
475 2790 496 2841 0
522 2769 675 2841 010001010
701 2770 909 2866 plerumque
943 2772 1126 2844 versiculis
1153 2795 1240 2844 coa-

75 2879 82 2894 ‘
129 2881 232 2956 luisse
257 2884 317 2957 vel
342 2905 461 2954 corum
487 2886 616 2955 metrici
642 2888 767 2970 001001,
804 2905 943 2978 semper
979 2883 1049 2956 bini
1090 2891 1240 2958 coniun-

129 3007 267 3090 guntur,
306 3005 344 3068 ut
379 2997 606 3069 homoteleuta
633 2998 796 3092 deinceps
836 3019 904 3068 non
934 2999 1112 3086 00000001,
1153 3022 1241 3094 quae

127 3111 316 3207 complexio
341 3133 458 3184 eorum
485 3112 605 3204 lingua
633 3113 754 3182 dicitnr
780 3110 868 3181 Beit.

168 3224 291 3322 Neque
315 3229 428 3297 minus
453 3235 548 3296 certa
575 3233 655 3297 sunt
677 3224 843 3296 01000001
860 3229 1003 3296 trimetri
1021 3227 1152 3296 metrici
1171 3248 1241 3298 ve-

125 3340 220 3434 stigia
246 3338 349 3432 idque
367 3344 400 3409 in
420 3337 653 3410 llomanorum
687 3340 827 3430 antiqua
852 3343 964 3434 poesi.
993 3337 1078 3410 Nam
1107 3342 1140 3408 in
1165 3337 1241 3410 lra-

125 3456 208 3523 trum
235 3453 419 3524 Arvalium
446 3456 602 3523 carmine
620 3461 758 3548 praeter
776 3452 842 3523 alia
862 3473 930 3524 non
958 3455 1041 3523 satis
1060 3459 1242 3548 perspicua

130 3564 289 3660 leguntur
313 3565 413 3638 baec:

484 3716 580 3790 Εο00
606 3715 868 3789 bases-iuvate.

268 3865 458 3937 Semuueis
485 3864 629 3936 alternei
739 3861 943 3958 'Advocapit
966 3867 1119 3936 0000100.

472 4014 570 4088 Εο00
595 4013 747 4086 Marmar
771 4016 899 4086 invito.
