2746 4530
653 297 700 367 72

125 508 170 580 de
205 511 305 580 cuius
345 512 462 603 priore
503 504 722 577 hemistichia
756 508 821 577 iam
861 509 1008 598 egimus.
1053 507 1237 579 Posterius

125 631 237 694 auten
260 644 309 694 ne
335 644 493 694 mancum
523 621 699 706 videatur,
737 621 894 716 plerique
933 621 1060 692 addunt
1096 626 1233 692 virore.

126 737 371 810 Sedllleilius
396 747 432 808 et
455 737 679 809 Benloewius
708 745 804 807 recte
828 736 977 807 indicant
1000 760 1036 832 p.
1059 737 1118 822 96,
1146 736 1237 809 huno

125 873 266 923 versum
279 856 325 923 ita
338 854 485 946 positum
499 873 594 938 esse,
609 859 647 922 ut
664 850 798 921 nullam
816 852 891 921 eius
909 859 1039 945 partem
1060 853 1237 923 interiisse

126 975 302 1062 appareat.
330 967 387 1038 Sic
413 971 505 1039 enim
530 965 646 1037 tabula
672 987 711 1037 se
736 964 850 1036 habet:

305 1115 392 1188 honc
424 1118 516 1188 oino.
551 1116 735 1211 ploirume.
773 1118 965 1186 cosentiont
997 1140 1014 1186 r

306 1214 472 1285 duonoro.
502 1223 656 1308 optumo.
685 1211 787 1284 diuise.
817 1215 893 1283 viro

306 1311 443 1381 luciam.
474 1315 640 1407 scipione,
669 1308 770 1381 filios.
800 1307 936 1380 barbati

306 1409 438 1480 consol.
467 1430 606 1479 censor.
635 1406 759 1477 aidilis.
789 1404 854 1478 hic.
882 1405 965 1477 fuet.
996 1431 1015 1478 a

306 1504 385 1576 heo.
413 1508 514 1599 cepit
542 1506 687 1576 corsica.
717 1503 905 1597 aleriaque.
930 1504 1016 1576 urbe

306 1603 419 1685 dedet.
452 1600 734 1697 tempestatebuS.
764 1601 855 1672 aide.
883 1612 1017 1674 mereto

128 1768 395 1867 Ergo'spatium
423 1791 581 1854 vacuum,
610 1768 699 1862 quod
727 1774 807 1863 post
833 1790 957 1839 vocem
983 1773 1060 1840 viro
1079 1771 1241 1840 relictum

130 1893 196 1970 est,
223 1884 308 1954 nihil
331 1866 395 1956 hoc
423 1888 588 1956 inversu
614 1886 788 1954 interiisse
814 1883 978 1954 declarat:
1008 1884 1096 1978 quod
1133 1888 1168 1956 ni
1195 1887 1241 1956 ita

130 2009 237 2085 esset,
273 2003 374 2071 etiam
400 2022 527 2071 eorum
551 2020 729 2081 versuum,
757 2021 843 2093 quos
869 2003 959 2070 inter
985 2001 1122 2093 legitur,
1149 1999 1241 2071 bona

131 2136 211 2208 pars
237 2114 503 2186 desideraretur.
533 2112 634 2186 Unde
661 2115 812 2185 Weilius
847 2121 881 2185 et
905 2113 1130 2187 Benloewius
1163 2115 1242 2188 col-

131 2227 250 2322 ligunt,
277 2249 400 2299 versus
428 2227 608 2299 Saturnios
633 2250 703 2299 non
737 2228 842 2299 modo
874 2250 1009 2312 senum,
1044 2228 1106 2299 sed
1138 2233 1241 2301 etiam

132 2347 277 2438 quinum
302 2344 435 2413 ictuum
460 2342 580 2414 finisse.
612 2343 706 2429 Quod
733 2364 807 2413 curn
834 2343 927 2414 nullo
959 2344 1025 2413 alio
1045 2366 1243 2437 argumen-

131 2460 164 2529 to
180 2460 317 2543 nitatur,
329 2456 416 2528 hunc
430 2480 576 2530 versum
591 2460 706 2552 quinto
720 2459 825 2528 huius
844 2456 979 2528 tabulae
997 2459 1154 2530 similem
1163 2482 1245 2533 esse

131 2575 244 2668 potius
271 2572 538 2643 existimandum
566 2581 632 2643 est.
661 2570 732 2642 Fui
757 2576 852 2644 enim
884 2571 1075 2666 perfectum
1094 2577 1244 2668 priorem

132 2688 334 2784 productam
361 2691 544 2780 antiquitus
569 2686 748 2772 habuisse,
784 2690 869 2758 satis
908 2695 1054 2773 constat,
1090 2691 1245 2782 itemque

133 2802 293 2874 eiusdem
318 2805 487 2897 temporis
512 2805 795 2874 terminationem
821 2824 874 2888 ee,
903 2824 983 2872 cum
1001 2802 1114 2874 indico
1133 2804 1246 2875 veteri

132 2917 183 3002 ed,
211 2938 334 3010 graeco
357 2941 412 2987 σαι
437 2918 676 3012 responderet,
704 2918 867 3012 producte
894 2918 981 2987 olim
1007 2917 1129 2989 dictam
1147 2940 1242 2991 esse.

132 3029 256 3126 Neque
281 3035 335 3101 eir
361 3031 439 3102 inde
466 3029 508 3102 alr
534 3035 629 3102 initio
662 3040 820 3126 correpta
850 3033 964 3102 vocali
996 3032 1244 3129 appellabatur,

133 3168 211 3216 oum
237 3149 473 3238 cognationem
500 3144 645 3218 haberet
669 3169 746 3216 cum
772 3170 839 3218 scr.
860 3146 995 3231 etro-e,
1017 3168 1149 3217 armen.
1170 3152 1244 3236 air,

134 3262 184 3333 lit.
212 3263 329 3355 epiros,
356 3259 450 3355 goth.
479 3265 570 3344 coir,
591 3283 659 3354 quo
678 3261 814 3333 Curtius
840 3261 1090 3332 elementorum
1109 3271 1248 3357 etymo-

134 3378 249 3471 logiae
275 3373 430 3447 Graecae
449 3399 483 3472 p.
507 3376 576 3448 519
613 3373 721 3447 refert
745 3398 907 3470 graecum
933 3374 1039 3472 ἥρως.
1068 3372 1149 3446 Fuit
1172 3378 1250 3471 igi-

134 3500 189 3563 tur
214 3490 294 3563 olim
320 3493 412 3562 circe
438 3493 551 3584 priore
578 3491 754 3587 producta,
782 3513 871 3586 quae
903 3492 970 3561 nisi
1003 3499 1124 3584 postea
1156 3488 1249 3563 lire·

134 3609 189 3678 vis
213 3604 303 3677 facta
329 3613 436 3692 esset,
462 3609 656 3677 terminatio
683 3610 808 3676 intaeta
834 3612 1006 3692 maneret,
1042 3614 1081 3677 ut
1111 3609 1146 3677 in
1179 3608 1247 3696 eis,

135 3743 224 3815 quae
251 3729 330 3793 sunt
354 3721 478 3808 mim,
503 3720 617 3805 dirae,
644 3721 761 3806 adres,
787 3719 901 3806 odrae,
927 3721 1081 3802 neaerae,
1121 3721 1248 3813 ddraae,

133 3834 254 3925 ptrue,
281 3857 423 3928 quorum
451 3835 660 3930 paenultima
687 3834 893 3928 producitur.
923 3832 1095 3929 Correpta
1127 3843 1251 3927 autem

136 3960 282 4023 estnon
308 3952 408 4022 aliter
433 3956 539 4042 atque
567 3953 600 4021 in
639 3948 754 4020 multis
782 3947 973 4042 disyllabis,
1014 3949 1129 4044 qualia
1170 3958 1254 4023 suut

135 4067 236 4139 domo
263 4089 282 4138 a
307 4088 377 4138 scr.
405 4064 566 4153 dumo,
591 4062 716 4135 temer
740 4084 848 4135 anor.
868 4063 996 4150 dumi,
1016 4068 1156 4134 conica
1177 4087 1249 4137 scr.
