2746 4530
658 319 729 390 124

195 533 245 602 Ne
270 541 303 602 te
330 534 546 621 alienigenae
572 539 701 622 cogant
725 552 848 624 eampo
873 534 908 601 in
934 529 1123 600 Diomedis,

192 627 279 700 Tute
306 629 401 715 mihi,
429 629 538 699 donee
565 625 754 721 compleris
781 631 951 718 sanguino
978 648 1151 721 campum.

194 724 232 797 In
261 735 398 821 pontum
425 746 585 818 maguum
617 723 731 794 terrad
758 745 802 793 ex
828 721 1058 815 frugiferenti.

103 869 115 886 ⁸
145 874 268 949 Cetera
297 885 408 947 utrum
435 877 606 949 Saturniis
631 876 792 949 versibus
819 899 863 946 an
891 877 966 948 aliis
992 885 1157 970 oonoepta
1177 875 1262 946 iuo-

145 994 225 1076 rint,
252 1014 343 1062 unuc
369 992 506 1063 difficile
537 993 628 1062 dictu
655 1000 719 1062 est.
757 991 824 1062 Sed
861 1000 897 1061 ut
934 1000 1129 1086 praecepta,
1169 1013 1259 1085 quae

115 1095 207 1176 'hoo
237 1104 355 1178 libello
393 1106 541 1201 probare
581 1111 694 1177 eonati
732 1088 864 1192 sumus,
906 1106 1072 1201 exemplo
1112 1104 1280 1188 anobis

145 1217 224 1291 fioto
265 1221 555 1306 demonstrentur,
601 1219 641 1290 T.
684 1218 810 1305 Quintii
851 1220 1045 1292 Cincinnati
1087 1219 1255 1306 tabulam,

146 1337 243 1405 ouius
270 1345 508 1427 argumentum
535 1357 555 1406 e
581 1332 670 1404 Livii
696 1333 759 1423 Vl,
784 1335 828 1406 29
857 1345 891 1405 et
917 1335 1011 1406 Festi
1039 1334 1260 1405 adnotatione

147 1468 176 1537 s.
205 1470 238 1517 v.
265 1452 430 1519 trientem
456 1473 488 1543 p.
521 1449 589 1520 363
617 1447 665 1520 Μ.
695 1447 795 1519 nobis
820 1458 936 1520 notum
964 1463 1026 1535 est,
1056 1449 1259 1519 Duentzero

146 1565 296 1633 maxime
323 1565 407 1634 duce
434 1566 620 1632 inversus
647 1562 808 1654 redigere
834 1563 927 1633 libet:

196 1758 204 1771 .
254 1707 328 1781 Hoc
354 1710 512 1806 Juppiter
538 1733 613 1782 oum
630 1710 731 1780 'divis
783 1708 941 1781 omnibus
967 1709 1144 1791 dederunt,

253 1807 299 1878 Ut
323 1806 478 1893 Quintius
505 1809 647 1879 dictator
779 1809 813 1877 in
839 1828 964 1878 novem
992 1805 1114 1877 diebus

253 1904 365 1976 Urbes
390 1928 517 1977 novem
543 1914 683 1998 caperet
781 1912 816 1973 et
841 1904 942 1974 simul
967 1904 1168 1976 Praeneste.

253 2000 338 2074 Eius
364 2009 418 2073 ret
441 2026 525 2094 ergo
551 2008 711 2072 trientem
786 2004 927 2070 tertium
952 2001 1065 2096 pondo

253 2097 327 2170 lovi
353 2099 481 2171 donum
507 2100 635 2169 dinavit
791 2120 936 2168 auream
962 2119 1140 2168 coronam.
