2746 4530
710 268 756 342 ut

183 484 353 553 minatiuo
380 480 566 572 singularis
592 481 725 573 primae
750 477 988 549 declinationis
1020 484 1054 546 ct
1078 476 1288 545 nominativo

175 605 217 670 ot
240 600 438 668 accusativo
462 595 606 691 pluralis
632 594 806 665 secundae
831 601 865 664 et
890 597 1024 677 tertiae,
1053 615 1073 661 e
1098 594 1134 661 in
1161 588 1288 659 ablati-

181 735 227 785 vo
253 717 374 784 tertiae
399 721 434 784 et
458 715 493 783 in
518 712 682 807 particula
707 733 787 805 que,
811 734 853 781 or
879 713 913 781 ln
940 713 1149 782 nominativo
1167 711 1288 779 nomi-

181 849 262 898 num
288 829 438 919 agentis,
466 832 518 912 at,
547 830 595 911 el,
621 829 651 896 tt
682 830 718 896 in
749 825 938 896 verborum
973 827 1081 895 tertiis
1114 825 1285 919 personis.

182 939 204 1010 1
226 949 343 1011 autem
365 946 583 1038 guntrannum,
612 939 701 1033 quod
728 941 844 1011 multis
869 944 904 1011 in
930 938 1073 1010 vocibus
1104 960 1290 1009 commune

182 1064 270 1141 erat,
300 1058 334 1126 in
360 1076 463 1126 versu
490 1052 648 1124 Saturnio
673 1052 941 1147 producebatur,
975 1062 1012 1123 ut
1042 1056 1077 1123 in
1105 1051 1157 1122 bis
1188 1051 1288 1140 mttt,

180 1169 243 1243 tut.
272 1169 340 1241 Sed
364 1191 451 1241 num
477 1191 620 1263 semper
645 1191 666 1237 e
692 1166 832 1239 ablativi
862 1169 1080 1262 producatur,
1101 1167 1203 1238 valde
1222 1167 1291 1237 du-

174 1286 266 1358 ·bito.
294 1282 388 1356 Nom
412 1303 494 1355 cum
519 1286 555 1353 in
581 1282 981 1376 eorundempoetarum
1006 1283 1165 1354 versibus
1184 1305 1292 1353 scae-

174 1402 271 1472 nicis
297 1400 503 1495 plerumque
527 1400 745 1491 corripiatur,
773 1403 846 1467 tum
873 1398 973 1468 aliter
997 1398 1067 1489 legi
1092 1420 1162 1468 non
1180 1387 1294 1492 potest

182 1513 245 1587 boc
272 1513 489 1607 exemplum:

255 1680 379 1751 Aetate
403 1701 668 1775 quomvparva
741 1680 873 1773 posidet
898 1680 961 1751 hoc
988 1702 1141 1751 sansana.

119 1834 120 1838 ¹
182 1847 296 1936 Quam
321 1848 364 1919 ob
393 1871 471 1919 rem
497 1846 742 1939 distinguenda
768 1870 849 1919 esse
883 1847 1029 1919 arbitror
1060 1872 1117 1933 ea,
1145 1871 1293 1943 quorum

178 1962 390 2060 paenultima
414 1961 621 2056 producitur,
648 1969 685 2030 ut
709 1968 845 2046 aetate,
874 1971 909 2032 et
925 1985 980 2048 ea,
1002 1986 1152 2056 quorum
1170 1964 1292 2036 eadem

182 2080 374 2171 corripitur,
401 2079 580 2166 utpotae,
609 2074 747 2145 ordine.
775 2074 814 2146 ln
840 2075 892 2147 bis
919 2081 1014 2147 enim
1031 2086 1170 2172 propter
1187 2081 1291 2149 ictum

183 2193 304 2263 ultima
328 2189 532 2285 producatur
555 2211 702 2261 necesse
728 2199 793 2276 est,
824 2194 857 2261 in
891 2190 958 2264 illis
990 2192 1094 2263 modo
1127 2193 1293 2287 produci-

184 2314 250 2393 tur,
279 2303 382 2375 modo
408 2305 599 2399 corripitur,
635 2312 672 2374 nt
701 2307 736 2377 in
767 2304 890 2376 eodem
922 2314 1144 2376 monumento
1177 2307 1294 2378 dicere

183 2420 286 2492 liceat
308 2423 423 2490 ciclus
446 2424 500 2488 eal
524 2421 665 2490 virtutes?
698 2427 733 2490 et
769 2424 890 2491 aetate
927 2440 1027 2513 quom
1061 2443 1190 2511 porca.
1231 2419 1296 2492 Est

183 2543 367 2630 praeterea
392 2533 482 2605 aliud
508 2556 541 2619 e,
571 2533 659 2626 quod
684 2534 766 2604 mibi
792 2534 966 2607 interdum
984 2535 1125 2631 produci
1143 2539 1296 2629 potuisse

185 2652 353 2724 videatur.
382 2649 518 2740 Tradita
544 2633 640 2720 enim
667 2659 745 2721 sunt
768 2655 919 2723 vocativi
937 2672 1039 2722 casus
1059 2655 1186 2745 antiqui
1203 2673 1295 2744 gra-

183 2770 229 2838 tia
256 2768 321 2838 duo
347 2764 506 2837 Odissiae
530 2762 696 2836 Livianae
721 2763 924 2856 fragmenta,
953 2788 1042 2859 qnae
1075 2768 1119 2834 ita
1148 2788 1187 2836 se
1225 2764 1294 2836 ba-

184 2884 278 2956 bant:

293 3034 396 3105 Pater
419 3041 537 3104 noster
561 3033 697 3103 Saturni
795 3030 876 3102 filie.

289 3129 411 3225 Neque
436 3138 550 3200 tamen
576 3137 609 3200 te
635 3128 760 3200 oblitus
786 3151 861 3200 snm
886 3125 1021 3199 Laertie
1046 3136 1175 3200 noster.

185 3292 252 3366 Sed
276 3296 311 3365 ln
337 3294 443 3365 altero
468 3315 530 3390 pro
556 3301 673 3365 tamen
699 3295 733 3364 in
760 3293 835 3364 aliis
863 3292 1037 3365 codicibus
1061 3297 1300 3387 scriptumest

185 3411 289 3493 enim,
316 3406 440 3478 Laertii
465 3411 594 3480 nomini
620 3431 641 3478 o
666 3411 898 3503 praepositum
925 3415 989 3490 est,
1019 3410 1124 3477 verba
1143 3407 1210 3478 alio
1229 3431 1296 3479 oa-

176 3522 263 3635 dine
288 3527 398 3619 posita
424 3524 595 3617 leguntur.
625 3524 743 3619 ltaque
768 3523 1017 3594 Fleckeisenus
1045 3523 1208 3595 emendat
1228 3527 1294 3597 sic:

257 3689 376 3785 Neque
401 3700 468 3761 tam
495 3691 552 3762 ted
578 3690 701 3762 oblitus
777 3713 863 3775 snm,
889 3689 1026 3761 Laertie
1052 3699 1184 3777 noster,

177 3854 339 3953 'plerique
366 3856 407 3928 ad
433 3858 575 3929 alterurn
601 3858 769 3929 librorum
795 3881 904 3952 genus
929 3859 1133 3929 inclinantes
1161 3860 1224 3929 stc:

180 4084 193 4093 .
259 4022 380 4118 Neque
405 4031 495 4098 enirn
520 4026 644 4101 oblitus
669 4049 742 4101 auru
769 4037 816 4113 te,
845 4049 866 4097 o
891 4025 1025 4100 Laertie
1050 4033 1182 4114 noster,
