2746 4530
653 324 697 396 15

119 536 303 609 siculorum
329 538 585 629 comparatione
612 535 831 606 iudicandum
859 538 914 622 sit,
943 558 1031 629 quae
1059 532 1234 630 inscriptio

120 650 161 721 ad
187 650 250 722 boc
277 658 422 721 metrum
446 652 631 744 pertineat,
658 671 747 742 quae
771 671 840 720 non
857 654 952 736 item,
972 649 1020 720 illi
1038 652 1104 743 ipsi
1122 656 1233 718 utrum

120 765 161 835 ab
187 768 280 836 omni
305 772 402 858 parte
427 787 503 834 cum
523 769 738 858 antiquorum
758 786 877 834 norma
894 771 1085 857 congruant
1107 769 1232 853 necne,
1260 847 1263 851 ¹

120 878 307 949 earundem
331 881 587 974 inscriptionum
606 881 800 949 testimonio
820 878 1030 973 probandum
1050 886 1115 948 est.
1148 874 1236 946 Nam

120 989 363 1061 Terentianum
389 999 574 1086 praecepta
602 1013 665 1062 sua
690 1012 760 1062 non
787 1014 806 1061 e
833 989 926 1063 fonte
960 998 1033 1085 ipso
1060 991 1234 1076 hausisse,

122 1104 182 1176 sed
209 1103 251 1174 ab
279 1105 354 1176 aliis
380 1107 435 1176 rei
454 1109 617 1176 metricae
638 1106 862 1200 scriptoribus
881 1110 1034 1191 inventa,
1053 1116 1234 1202 postquam

122 1238 247 1288 versus
276 1218 424 1291 Saturnii
451 1223 616 1291 memoria
644 1242 753 1314 prope
779 1218 961 1291 obliterata
994 1229 1102 1307 esset,
1136 1218 1239 1291 nobis

125 1331 320 1418 tradidisse,
349 1337 425 1405 veri
450 1355 520 1404 non
548 1333 714 1405 dissimile
740 1342 804 1404 est.
836 1331 889 1403 Ac
914 1337 1057 1428 primurn
1086 1338 1238 1405 omnium

124 1445 186 1517 boc
212 1448 497 1519 considerandum
525 1456 592 1533 est,
620 1471 697 1518 cum
723 1451 757 1518 in
784 1448 942 1519 omnibus
976 1451 1238 1542 antiquissimo-

124 1582 198 1629 rnm
222 1561 384 1633 versibus
411 1571 446 1633 et
469 1561 625 1633 iambicis
653 1569 687 1632 et
712 1561 891 1632 trochaicis
919 1563 1036 1634 tbeses
1073 1585 1143 1632 non
1174 1583 1238 1634 suo

123 1677 198 1747 loco
224 1679 496 1772 producerentur
535 1679 789 1774 productaeque
828 1679 1060 1765 solverentur,
1102 1682 1137 1749 in
1175 1677 1239 1748 boc

122 1795 363 1864 vetustissimo
390 1817 429 1864 ac
455 1793 613 1890 populari
640 1815 795 1879 numero,
824 1796 881 1887 qui
908 1816 952 1863 ex
977 1802 1120 1885 utroque
1138 1814 1238 1862 ccm-

123 1908 256 1998 positus
290 1916 398 1995 esset,
442 1907 506 1978 boc
532 1906 624 1976 idem
662 1906 766 1978 multo
804 1910 914 1997 magis
958 1906 1033 1976 lieri
1071 1909 1236 2000 potuisse.

124 2015 221 2101 Quod
249 2022 278 2089 si
304 2019 519 2107 tenebimuS,
547 2021 582 2092 bi
608 2041 747 2105 versus,
777 2043 919 2114 quorum
947 2022 1013 2091 duo
1041 2024 1074 2090 in
1100 2024 1238 2114 Scipio-

125 2153 219 2216 num,
249 2143 388 2225 quartus
414 2138 448 2204 in
473 2134 618 2206 Caecilii
645 2135 773 2226 elogi0,
803 2139 922 2205 tertius
957 2139 991 2204 in
1024 2135 1240 2206 dedicatione

129 2241 258 2316 Sorana
284 2257 350 2335 est,
380 2271 399 2318 a
425 2249 624 2320 Terentiani
651 2249 825 2320 schemate
851 2271 920 2318 non
947 2249 1051 2341 longe
1077 2247 1242 2319 aberrare

130 2358 348 2432 videbuntur:

177 2528 211 2600 ls
237 2530 291 2601 bic
314 2533 412 2618 situs,
442 2534 499 2627 qui
524 2553 696 2625 utinquam
722 2531 833 2601 victus
859 2539 913 2601 est
938 2534 1089 2601 virtutei.

178 2627 292 2698 Facile
317 2626 439 2700 lacteis
466 2650 654 2723 superases
679 2628 826 2719 gloriam
854 2631 1032 2697 maiorum.

180 2723 334 2796 Decuma
360 2723 448 2796 lacta
473 2727 629 2820 poloucta
657 2724 821 2796 leibereis
847 2724 1019 2794 lubentes.

179 2815 276 2892 Bene
302 2845 376 2893 rem
402 2845 505 2917 geras
533 2832 568 2893 et
591 2821 726 2908 valeas,
755 2820 902 2892 dormias
929 2825 1005 2893 sine
1032 2845 1132 2916 qura.

135 2985 305 3059 ENaevii
324 2987 428 3059 ceno
455 2988 597 3060 Punico:
670 2987 677 3001 ‘

180 3154 313 3229 Novem
341 3155 440 3228 Jovis
467 3157 656 3228 concordes
681 3155 772 3225 filiae
799 3175 949 3224 sorores.

181 3253 342 3345 Plerique
369 3274 488 3337 omnes
515 3254 720 3346 subiguntur
747 3251 809 3322 sub
837 3272 935 3320 suum
962 3249 1134 3319 iudicium.

182 3350 380 3446 Superbiter
406 3354 623 3447 contemptim
649 3351 793 3420 conterit
819 3347 987 3439 legiones

183 3447 314 3518 Ferunt
337 3449 475 3542 pulcras
501 3457 686 3532 creterras,
715 3467 838 3516 aureas
865 3445 1017 3538 lepistas.

186 3545 341 3638 Seseque
367 3549 402 3616 ei
428 3548 543 3642 perire
568 3544 746 3615 mavolunt
770 3542 908 3612 ibidem.

185 3644 385 3715 Sicilienses
410 3646 552 3739 paciscit
577 3641 715 3737 opsides
742 3649 777 3709 ut
803 3638 958 3709 reddant.

137 3812 310 3884 ENaenii
337 3813 467 3906 elogio,
495 3811 585 3904 quod
610 3818 663 3881 est
688 3808 775 3903 apud
803 3805 951 3877 Gellium
977 3803 1005 3890 l,
1036 3801 1137 3888 24,2:

185 3978 382 4049 inmortalis
408 3977 560 4048 mortalis
588 3979 617 4047 si
643 3974 732 4046 foret
755 3973 807 4043 ias
833 3973 936 4061 llere,

187 4076 332 4149 Flerent
353 4075 455 4146 divae
481 4072 655 4146 Camenae
680 4070 850 4143 Naevium
876 4075 1022 4164 poetam.
