2746 4530
176 1388 267 1460 Cum
294 1391 336 1462 de
361 1393 654 1463 versu'Saturnio
681 1389 833 1461 seribere
858 1391 1000 1476 institui,
1031 1409 1100 1458 non
1134 1390 1241 1480 igno-

125 1519 264 1611 rabam,
290 1544 370 1594 osse
396 1524 538 1613 multos,
566 1526 622 1618 qui
649 1527 687 1599 in
709 1531 802 1594 tanta
828 1523 1056 1616 reliquiarum
1092 1523 1239 1615 penuria

125 1651 167 1722 ab
194 1627 259 1725 hac
286 1659 489 1748 quaestione
516 1658 655 1728 omnino
678 1654 920 1727 abstinendum
946 1677 1027 1726 esse
1053 1655 1238 1725 existima-

125 1787 380 1861 rent.‚Verum
406 1791 534 1875 tamen,
563 1797 747 1883 postquam
773 1790 1031 1882 inscriptionum
1071 1787 1239 1857 Saturni-

124 1943 226 1990 arum
251 1925 350 2016 copia
376 1923 443 1992 viri
469 1924 758 2016 praestantissimi
783 1921 949 1992 Fridorioi
974 1919 1153 1991 Ritscholii
1172 1940 1239 1988 cu-

124 2055 173 2122 ris
199 2056 243 2123 ita
270 2076 441 2148 expressa
467 2063 532 2139 est,
560 2062 597 2124 ut
631 2063 849 2125 monumenta
887 2057 962 2148 ipsa
1003 2060 1081 2122 ante
1120 2051 1238 2122 oculos

122 2185 183 2256 tihi
209 2189 342 2256 versari
378 2185 553 2272 crederes,
594 2186 688 2256 nulla
720 2207 826 2256 causa
865 2207 954 2257 esse>
983 2184 1138 2273 videtur,
1177 2205 1239 2252 cur

125 2320 231 2387 nimis
258 2317 495 2413 desperemus.
522 2318 637 2411 Atque
663 2321 708 2388 ita
733 2316 857 2388 factum
885 2326 950 2407 est,
976 2315 1235 2400 utDuentneri,

126 2448 304 2536 Corsseni,
334 2451 477 2521 aliorum
503 2451 625 2543 religio
660 2453 807 2521 minime
844 2450 1037 2546 impediret,
1079 2452 1159 2542 quin
1193 2431 1244 2518 ex*

124 2580 245 2653 studiis
273 2582 425 2652 moisio
457 2581 544 2652 hanc
582 2580 817 2654 obscuriorem
855 2582 1032 2652 literarum
1057 2581 1239 2653 Romana-

124 2734 199 2782 rum
225 2722 358 2806 partem
385 2714 511 2806 aliquid
538 2714 622 2783 lucis
648 2713 922 2784 redundaturum
941 2734 1022 2784 esse
1041 2735 1233 2807 sperarem.

128 2845 209 2932 Sed,
246 2849 410 2939 quoniam
448 2849 550 2918 novis
589 2847 763 2917 doctrinae
801 2845 1032 2917 fundamentis
1072 2846 1239 2916 utendum

126 2984 212 3062 erat,
241 2980 375 3067 omnia,
401 3000 490 3070 quae
516 2977 559 3047 ad
597 3000 739 3050 versum
776 2977 970 3047 Saturnium
1010 2980 1256 3076 pertinerent,⁸

30 3179 35 3184 .
125 3107 168 3178 de
194 3112 330 3200 integro
356 3116 520 3179 excutere
545 3109 678 3202 placuit.
706 3107 825 3202 ltaque
856 3107 951 3194 nihil,
986 3108 1075 3202 quod
1109 3108 1240 3179 avul-

125 3241 200 3330 gari
227 3238 461 3311 Romanorum
488 3249 560 3311 arte
586 3243 727 3311 metrica
754 3238 973 3324 abscederet,
1002 3242 1236 3333 praetermisi,

125 3373 207 3463 quin
224 3370 416 3445 rationibus
435 3381 482 3460 et,
499 3375 528 3446 si
542 3374 616 3444 fieri
634 3380 766 3468 posset,
789 3372 958 3466 exemplis
976 3371 1236 3443 confirmarem.

123 3500 273 3591 Deinde,
302 3505 430 3598 nequid
455 3513 583 3575 temere
600 3507 759 3599 positum,
772 3525 853 3575 esse
869 3504 1060 3589 videretur,
1088 3507 1135 3575 ita
1154 3526 1236 3573 ma-

123 3639 245 3711 teriem
271 3634 533 3724 distribuebam,
560 3647 604 3717 nt,
630 3643 820 3728 antequam
846 3639 959 3726 priora
986 3637 1070 3706 satis
1097 3632 1237 3705 stabili-

123 3776 157 3837 ta
183 3789 266 3839 osse
291 3767 516 3855 indicassem,
542 3767 585 3836 ad
611 3789 667 3854 ea,
696 3789 784 3860 quae
803 3773 1043 3861 sequerentur,
1063 3785 1132 3834 non
1151 3786 1239 3857 per·-

124 3922 256 3995 gerem.
286 3899 384 3986 Quod
411 3898 572 3986 studium,
597 3903 662 3970 etsi
690 3921 752 3994 per
778 3902 876 3970 sein
902 3901 1027 3994 primis
1059 3897 1141 3967 utile
1168 3904 1235 3982 est,

127 4039 246 4102 tamen
285 4040 475 4125 temporum
508 4033 683 4124 iniquitate
716 4052 761 4101 ex
793 4039 890 4126 parte
933 4032 1068 4099 irritum
1103 4027 1235 4101 cecidit.
