2746 4530
635 291 680 367 85

116 489 205 578 Nam
232 526 344 599 neque
386 508 499 599 prima
535 507 736 600 posterioris
773 504 897 577 dimidii
934 507 1041 579 thesis
1080 509 1223 580 solvitur

117 631 174 693 aut
199 630 276 717 post
312 623 605 717 praepositionem
643 621 764 714 λεῖμμα
802 644 1005 695 concessum
1028 633 1082 696 est
1105 646 1220 719 neque

32 733 41 743 ’
114 744 192 832 post
218 736 338 830 pedem
364 736 511 807 solutum
537 735 659 807 hiatur.
686 737 870 808 Praeterea
910 738 1044 811 abono
1082 748 1222 812 auctore

114 850 225 923 Gellio
252 859 410 922 servatus
437 859 491 921 ast
517 849 570 921 hio
596 854 687 922 Livii
712 874 851 924 versus:

163 1015 367 1110 Ibidemque
393 1006 447 1088 vir
473 1039 627 1089 summus
736 1021 907 1116 adprimus
933 1021 1121 1110 Patroclus,

115 1193 149 1258 in
175 1208 241 1280 quo
255 1178 482 1273 ''Patricolaa
512 1188 601 1280 quod
627 1187 799 1278 Bergkius
825 1193 1011 1285 proposuit,
1040 1192 1143 1261 scribi
1158 1211 1222 1263 sa-

112 1324 158 1374 ne
184 1310 308 1396 potest,
328 1301 388 1373 sed
406 1302 591 1390 debeatne,
610 1309 798 1397 quaeritur.
819 1305 1001 1377 Positionis
1019 1313 1131 1376 autem
1157 1305 1221 1378 hoc

113 1440 224 1507 genus
251 1419 339 1514 apud
367 1421 617 1510 antiquissimos
642 1441 734 1491 nunc
752 1403 780 1489 a
813 1420 985 1513 plerisque
1023 1427 1218 1514 propterea,

112 1536 245 1628 opinor,
273 1555 342 1604 non
369 1536 578 1625 agnoscitur,
607 1534 697 1628 quod
733 1526 802 1607 una
839 1558 921 1608 cum
958 1536 1221 1628 diligentissimi

114 1645 323 1719 Graecorum
349 1650 537 1719 imitatione
563 1650 597 1720 in
629 1648 864 1720 Romanorum
883 1672 1009 1721 versus
1035 1653 1217 1721 invaserit.

112 1761 231 1855 Neque
257 1784 343 1834 vero
369 1766 403 1833 in
431 1766 668 1834 scaenicorum
695 1784 734 1833 re
760 1766 900 1834 metrica
925 1786 1036 1857 usque
1062 1763 1103 1834 ad
1130 1785 1220 1857 sup-

112 1900 208 1949 rema
233 1882 283 1949 rei
308 1878 465 1973 publicae
491 1885 643 1972 tempora
670 1880 818 1948 inveniri
841 1860 974 1949 dicitur.
1002 1878 1052 1949 At
1067 1880 1102 1948 in
1120 1877 1218 1948 Ara-

112 1992 209 2077 bum,
238 1993 439 2078 Rcrsarum,
467 1992 626 2064 Indorum
653 1997 794 2086 antiquo
819 2015 977 2066 sermone
995 1992 1220 2087 debilisquae

111 2105 232 2176 dicitur
258 2110 381 2201 positio
407 2107 549 2178 vocales
573 2130 642 2179 non
668 2111 783 2179 minus
808 2108 975 2202 producit,
1003 2129 1109 2200 quam
1135 2129 1219 2176 mu-

112 2231 222 2291 tarum
248 2223 454 2316 complexio.
495 2222 533 2293 ln
564 2223 771 2293 Graecorum
810 2231 921 2293 autem
958 2227 1068 2294 veteri
1101 2222 1219 2314 lingua

111 2335 196 2406 haec
220 2336 324 2409 modo
352 2337 573 2430 producendi,
601 2338 701 2409 modo
726 2339 931 2434 corripiendi
948 2336 1092 2409 facultas
1110 2334 1219 2409 multo

112 2452 294 2523 artioribus
333 2474 433 2545 quom
475 2461 596 2547 postea
634 2451 795 2525 limitibus
836 2455 1090 2546 circumscripta
1129 2459 1215 2522 erat.

109 2565 199 2637 Nam
226 2594 250 2658 μ
276 2577 309 2638 et
334 2593 350 2634 ν
378 2567 501 2638 literae
527 2572 632 2639 mutis
660 2569 794 2641 additae
820 2568 908 2664 apud
930 2566 1124 2638 Homerum
1151 2588 1218 2660 po·

112 2684 272 2753 sitionem
298 2681 412 2752 faeere
441 2682 609 2764 solebant,
636 2683 724 2778 apud
742 2685 871 2756 Atticos
890 2685 1068 2778 ancipitem
1088 2682 1217 2753 redde-

110 2794 194 2865 bant
221 2794 398 2888 syllabam.
429 2794 516 2881 Quid
543 2797 631 2888 quod
658 2801 761 2867 etiam
789 2806 867 2869 ante
894 2823 935 2890 pu
968 2797 1100 2868 vocalis
1128 2795 1217 2894 apud

111 2909 235 3002 lyricos
263 2910 428 2980 interdum
457 2901 575 2981 brevis
614 2911 801 2984 manebat?
839 2913 888 2983 At
925 2916 959 2982 in
998 2910 1215 2995 hexametro,

112 3029 167 3116 qui
197 3033 335 3118 propter
361 3047 437 3095 rem
464 3028 577 3120 ipsam
605 3030 782 3121 anthuam
807 3031 1011 3121 gravitatem
1029 3024 1215 3110 referebat,

110 3139 229 3209 eadem
257 3143 365 3210 rarius
392 3143 618 3235 reperiuntur.
660 3142 714 3213 llx
752 3165 819 3237 quo
857 3145 1040 3237 colligitur,
1075 3145 1110 3212 in
1136 3164 1217 3214 ser-

111 3277 215 3324 mone
241 3253 372 3326 Graeco
398 3277 467 3326 non
493 3259 623 3341 minus,
652 3280 757 3351 quam
796 3261 830 3328 in
855 3257 972 3329 Indico
1011 3258 1215 3352 positionem

110 3368 253 3440 debilem
281 3370 425 3441 eandem
451 3372 525 3442 vim
544 3380 645 3465 atque
663 3373 816 3443 validam
834 3376 1017 3467 antiquitus
1036 3370 1212 3443 habuisse.

110 3481 183 3553 Huc
210 3484 352 3570 accedit,
380 3485 469 3578 quod
494 3489 619 3580 positio
644 3486 779 3571 debilis,
808 3509 1006 3581 quanquam
1037 3488 1070 3556 in
1097 3489 1216 3556 versi-

109 3598 172 3669 bus
212 3622 317 3693 saepe
350 3600 546 3692 neglegitur
583 3624 696 3697 neque
735 3602 777 3673 ad
813 3609 992 3673 accentum
1030 3603 1216 3693 quicquam

109 3714 204 3783 valet
228 3716 519 3802 constituendum,
547 3722 582 3789 in
609 3719 837 3813 comparando
861 3725 979 3788 tamen
1007 3719 1089 3788 satis
1115 3712 1217 3785 babet

111 3828 285 3922 ponderis
314 3837 351 3898 ut
375 3828 392 3898 ὃ
412 3829 525 3925 μικρὸν
553 3838 630 3902 ante
655 3834 917 3902 terminationes
943 3853 1038 3925 τερος
1063 3837 1098 3899 et
1120 3851 1217 3903 τατος

110 3963 174 4012 non
203 3943 421 4036 producatur.
438 3941 599 4015 latinam
616 3945 767 4039 linguam
785 3945 848 4017 bac
867 3949 899 4017 in
918 3968 957 4017 ro
975 3943 1066 4016 Grae

113 4055 313 4125 dissimilem
333 4053 439 4128 luisse
456 4080 535 4128 cum
554 4055 745 4151 linguarum
764 4067 987 4153 cognatarum
1001 4081 1164 4156 compara
1212 4091 1217 4104 ·
